1834 3208
820 285 882 332 13

79 416 194 458 Bere
215 414 265 457 of
290 414 524 456 Ivelcester
554 415 640 457 and
672 416 808 458 Edith
847 416 913 457 his
950 415 1071 465 wife3
1105 433 1160 459 an
1193 432 1291 460 acre
1328 417 1377 459 of
1401 415 1547 458 arable
1569 416 1612 456 in

78 489 270 532 Cilterne
293 489 537 530 Dummere
559 489 675 531 field.
740 490 811 546 By
833 491 996 547 paying
1018 491 1166 547 yearly
1189 506 1271 533 one
1293 491 1387 547 pair
1409 490 1460 532 of
1482 490 1614 531 white

76 562 238 618 gloves‚
255 576 304 603 or
325 576 406 602 one
428 561 684 619 half-penny
701 569 745 604 at
764 563 935 614 Easter,
951 569 996 604 at
1016 563 1091 604 the
1107 564 1256 619 option
1281 563 1331 604 of
1345 563 1418 604 the
1440 568 1612 609 tenant3

76 636 120 676 in
133 635 219 676 lieu
241 634 292 676 of
305 634 364 676 all
381 635 510 676 kinds
527 635 578 677 of
591 636 790 684 services,
807 638 914 678 suits
930 638 972 678 in
989 636 1163 693 County
1179 636 1337 678 Courts
1352 636 1436 677 and
1454 637 1613 678 Courts

77 708 128 751 of
151 708 395 750 Hundreds
456 741 465 750 .
530 742 538 751 .
601 742 610 751 .
675 743 684 752 .
746 710 836 752 For
856 710 1013 761 which,
1035 710 1170 751 Peter
1205 710 1290 751 and
1317 710 1453 751 Edith
1482 724 1565 765 pay
1588 724 1613 750 a

79 783 189 825 Fine
211 782 261 824 of
283 788 368 824 two
400 783 550 824 marks
586 784 769 840 sterling
790 784 834 825 in
857 784 989 826 hand.
1051 785 1230 839 Among
1258 784 1333 825 the
1355 784 1613 833 Witnesses,

76 856 276 898 William
299 855 353 897 de
370 855 528 897 Aclere
545 856 769 913 (Oakley),
786 857 871 898 and
888 858 1007 900 John
1023 873 1100 900 son
1118 857 1168 900 of
1176 857 1321 913 Ralph
1339 856 1610 908 (Herward).

527 993 612 1034 No.
645 994 685 1040 7,
716 990 1096 1033 undated—EdW.
1128 990 1164 1032 Ι.

185 1054 335 1097 Sciant
370 1064 591 1112 presentes
622 1064 665 1099 et
696 1057 833 1098 futuri
867 1055 983 1111 quod
1022 1055 1122 1111 Ego
1156 1054 1342 1096 Matillis
1366 1052 1610 1096 Herevvard

77 1127 131 1169 de
161 1128 418 1172 Yvelcestre
457 1131 502 1173 in
543 1145 654 1186 pura
693 1130 904 1172 viduitate
945 1143 1042 1169 mea
1073 1128 1173 1169 dedi
1214 1127 1404 1169 concessi
1445 1134 1488 1168 et
1530 1127 1611 1167 hac

76 1204 266 1259 presenti
299 1211 419 1245 carta
451 1219 548 1246 mea
583 1204 840 1246 confirmavi
877 1203 1005 1244 Will⁰
1034 1202 1074 1243 16
1118 1201 1221 1243 Keu
1258 1201 1312 1242 de
1348 1201 1611 1257 Lymintone

78 1274 201 1316 fratri
222 1290 319 1317 meo
340 1283 383 1318 et
405 1277 534 1319 Sarre
556 1278 680 1319 uxori
702 1278 794 1331 ejus
811 1277 918 1318 duas
935 1290 1056 1317 acras
1073 1283 1188 1317 terre
1209 1274 1384 1316 arabilis
1407 1280 1449 1315 et
1471 1288 1604 1316 unam

78 1348 333 1406 perticatam
376 1352 490 1406 prati
545 1358 588 1393 et
641 1366 776 1393 unum
818 1350 1047 1393 denarium
1093 1349 1226 1390 annui
1267 1348 1462 1390 redditus
1513 1362 1611 1389 cum

78 1417 355 1471 pertinenciis
396 1419 440 1459 in
493 1419 696 1462 Manerio
737 1419 791 1460 de
830 1418 1093 1474 Lymintone
1146 1417 1251 1458 Illas
1302 1416 1463 1458 scilicet
1504 1415 1612 1456 duas

78 1504 199 1532 acras
241 1506 325 1547 que
369 1492 519 1548 jacent
560 1508 690 1548 super
743 1493 808 1534 La
861 1491 1110 1548 Dedehylle
1161 1491 1274 1532 inter
1325 1496 1484 1531 terram
1529 1503 1612 1544 que

78 1565 297 1620 quondam
339 1565 421 1607 fuit
463 1565 647 1607 Roberti
692 1565 732 1606 16
779 1565 868 1606 Rat
918 1570 961 1605 et
1002 1571 1164 1605 terram
1202 1563 1301 1604 Ade
1341 1562 1382 1603 le
1424 1562 1518 1602 Rus
1569 1568 1612 1603 et

78 1637 199 1679 illam
230 1639 485 1694 perticatam
522 1639 636 1695 prati
682 1653 766 1694 que
804 1638 922 1694 jacet
955 1638 1000 1678 in
1044 1637 1087 1678 la
1133 1637 1257 1678 Mere
1290 1637 1405 1677 inter
1436 1641 1611 1690 pratum

78 1710 194 1768 quod
244 1711 464 1766 quondam
515 1711 597 1752 fuit
648 1711 831 1752 Domini
876 1710 1102 1765 Radulphi
1153 1709 1255 1751 Filii
1302 1708 1527 1750 Hervardi
1569 1713 1613 1749 et

78 1790 252 1839 pratum
294 1785 416 1826 Willi
459 1785 500 1826 16
544 1785 646 1826 Keu
693 1785 753 1825 Et
790 1799 925 1825 unum
972 1784 1198 1825 denarium
1244 1784 1377 1824 annui
1418 1782 1612 1824 redditus

77 1872 177 1899 cum
251 1859 370 1901 omni
427 1858 529 1914 jure
592 1858 693 1899 inde
756 1857 1039 1914 proveniente
1104 1871 1233 1912 quem
1297 1856 1497 1911 Rogerus
1558 1855 1612 1896 de

78 1931 386 1974 Crawecumbe
422 1932 531 1973 mihi
563 1932 798 1990 aliquando
836 1931 1004 1973 solebat
1036 1930 1204 1972 solvere
1249 1929 1304 1971 ad
1348 1929 1521 1971 Pascha
1557 1929 1612 1970 de

77 2020 163 2047 uno
184 2012 434 2048 tenemento
455 2006 572 2062 quod
608 2006 739 2047 situm
762 2012 826 2046 est
847 2006 960 2046 inter
982 2011 1283 2046 tenementum
1306 2003 1430 2044 Willi
1451 2003 1611 2058 Bissop

77 2085 119 2120 et
150 2086 449 2121 tenementum
476 2080 580 2121 dicti
603 2079 726 2120 Willi
756 2079 796 2120 le
819 2079 922 2120 Keu
960 2078 1080 2120 Hab.
1118 2084 1162 2119 et
1197 2077 1304 2118 Ten.
1338 2077 1474 2118 dictas
1503 2076 1611 2117 duas

76 2168 196 2195 acras
232 2160 407 2210 pratum
430 2160 472 2195 et
505 2153 670 2194 dictum
706 2152 932 2194 denarium
967 2167 1067 2193 cum
1102 2151 1303 2192 omnibus
1332 2150 1611 2206 pertinenciis

76 2227 190 2269 dicto
207 2227 336 2268 Will⁰
354 2234 396 2268 et
410 2227 539 2269 Sarre
556 2227 680 2268 uxori
694 2227 786 2282 ejus
803 2232 845 2268 et
862 2226 1094 2267 heredibus
1116 2240 1191 2266 seu
1214 2238 1364 2266 eorum
1381 2223 1611 2279 assignatis

76 2301 129 2342 de
150 2316 220 2342 me
241 2308 283 2343 et
302 2302 534 2343 heredibus
556 2301 662 2342 meis
689 2315 765 2342 seu
796 2300 902 2341 meis
935 2299 1162 2355 assignatis
1183 2299 1319 2340 libere
1380 2329 1390 2339 .
1454 2329 1464 2340 .
1527 2330 1536 2339 .
1600 2330 1610 2341 .

76 2376 318 2418 Reddendo
359 2375 460 2416 inde
496 2375 719 2416 annuatim
751 2374 1023 2430 Capitalibus
1055 2373 1260 2414 Dominis
1297 2372 1435 2413 Feodi
1459 2372 1610 2413 Unam

77 2448 250 2504 Spicam
274 2448 503 2490 Frumenti
524 2448 579 2489 acl
603 2448 782 2488 Festum
805 2448 909 2488 S’eti
934 2446 1166 2488 Michaelis
1188 2460 1266 2501 pro
1288 2445 1407 2486 omni
1428 2445 1610 2487 servicio

150 2556 158 2564 .
295 2555 305 2564 .
366 2522 457 2563 Pro
492 2522 575 2563 hac
609 2528 753 2562 autem
782 2521 1015 2562 donatione
1041 2519 1316 2561 concessione
1379 2553 1388 2562 .
1453 2553 1462 2561 .
1525 2553 1534 2562 .
1601 2551 1610 2562 .

76 2591 289 2632 dederunt
307 2590 412 2631 mihi
428 2590 531 2632 dicti
546 2589 813 2631 VVillielmus
834 2596 876 2631 et
898 2589 1032 2632 Sarra
1049 2588 1222 2644 Viginti
1238 2587 1409 2629 Solidos
1419 2588 1609 2643 Argenti

76 2679 153 2721 pre
184 2665 384 2706 manibus
408 2664 468 2705 Et
492 2663 728 2719 Radulpho
750 2663 969 2719 quondam
1003 2662 1097 2704 viro
1120 2676 1216 2703 meo
1254 2661 1410 2717 viginti
1445 2661 1605 2703 solidos

76 2746 119 2779 et
139 2753 212 2779 sex
234 2738 433 2779 denarios
457 2738 555 2793 Ego
592 2752 695 2779 vero
728 2737 842 2778 dicta
877 2736 1062 2778 Matillis
1086 2735 1327 2777 Hereward
1355 2741 1398 2776 et
1427 2735 1608 2776 heredes

77 2811 162 2852 mei
223 2842 525 2853 .....
587 2817 737 2852 contra
759 2824 908 2851 omnes
931 2809 1126 2850 homines
1148 2814 1189 2850 et
1213 2808 1394 2851 feminas
1418 2807 1607 2850 Warem
