1834 3208
885 285 980 332 148

348 415 436 458 No.
470 415 564 457 148.
601 414 725 459 1582.
786 414 1029 456 Elizabeth.
1376 412 1544 455 Easter.

294 499 394 541 Hee
415 505 480 541 est
502 498 667 540 Finalis
695 498 938 541 Concordia
958 497 1071 539 faeta
1091 497 1135 537 in
1158 496 1291 538 Curia
1315 497 1507 538 Domine
1530 496 1701 553 Regiae

177 572 294 628 apud
314 572 555 614 Westmon'
571 587 597 613 a
617 572 685 613 die
700 572 868 613 Pasehe
890 572 934 612 in
957 570 1203 626 quindecim
1225 570 1315 610 dies
1332 584 1445 611 311110
1467 584 1702 625 regnorum

179 646 410 688 Elizabeth
433 646 518 687 Dei
539 645 681 701 gratia
697 645 858 700 Anglie
882 644 1065 686 Franeie
1087 654 1130 685 et
1154 643 1368 684 Hibernie
1392 643 1561 699 Regine
1578 641 1704 683 Fidei

178 711 432 762 Defensoris
453 725 495 760 et
517 734 540 759 a
562 719 715 773 eonqn’
733 718 935 759 viaesimo
956 723 1111 772 quarto
1134 716 1291 758 Coram
1312 716 1423 757 Ed'o
1446 716 1703 756 Andersone

175 792 350 834 Thoma
368 791 529 833 Meade
548 792 779 832 Francisoo
794 791 1044 845 Wyndame
1060 796 1103 831 et
1119 789 1265 831 Will’o
1285 789 1473 845 Peryam
1490 788 1644 831 Justio’
1661 793 1705 829 et

174 865 270 907 aliis
294 865 485 906 Domine
509 865 679 919 Regine
701 863 900 904 fidelibus
921 870 1026 904 tune
1048 863 1103 904 ibi
1127 863 1396 917 presentibus
1421 861 1543 902 Inter
1565 860 1703 903 Geor-

178 938 300 994 gium
323 937 581 992 Raymonde
609 943 652 977 et
681 936 855 979 Joh'em
887 936 1070 977 Fathers
1104 936 1346 985 Querenl‘es
1378 935 1436 976 Et
1461 934 1705 975 Henrieum

179 1010 291 1067 Lyyte
323 1011 602 1065 Armigerum
626 1017 669 1051 et
693 1010 969 1051 Francisoam
993 1024 1172 1050 uxorem
1203 1010 1295 1065 ejus
1329 1008 1503 1049 Defore'
1536 1008 1589 1048 de
1620 1022 1705 1048 uno

177 1084 401 1139 mesuagio
433 1083 774 1133 Quatuordeeim
797 1084 906 1124 30115
938 1090 1051 1124 terre
1085 1089 1127 1124 et
1155 1082 1241 1123 Sex
1272 1082 1381 1123 aeris
1410 1088 1586 1137 pasture
1607 1095 1706 1122 eum

178 1157 308 1212 pert's
344 1156 387 1196 in
422 1156 646 1206 Ilchester,
682 1155 879 1197 Iveltone
912 1155 1038 1196 West
1070 1155 1334 1197 Charletone
1364 1161 1407 1196 et
1444 1154 1708 1197 Charletone

181 1227 453 1270 Maekerelle
488 1228 618 1269 Unde
655 1227 877 1282 placitum,
908 1228 982 1268 ἀρ.

497 1407 585 1448 ΝΟ,
620 1408 714 1449 149.
746 1407 987 1448 Elizabeth.
1021 1408 1145 1449 1587.
1207 1407 1314 1461 May
1350 1407 1386 1453 l,

296 1487 531 1531 Omn.Xti
556 1489 638 1529 Fid
701 1521 710 1531 .
773 1523 784 1534 .
846 1523 855 1532 .
919 1520 929 1531 .
985 1489 1135 1532 Joh’es
1158 1489 1343 1530 Fnthers
1366 1488 1418 1529 de
1442 1487 1710 1530 Iveiehesfter

179 1559 225 1600 in
248 1560 373 1603 Com.
395 1561 584 1603 Somers.
616 1561 791 1603 Mereer
819 1561 907 1603 Sal.
943 1561 986 1602 in
1024 1562 1125 1603 Dno
1159 1560 1372 1615 sempit'm
1398 1560 1619 1602 Noveritis
1641 1574 1712 1601 me

183 1633 343 1690 pref'm
378 1634 553 1676 Joh'em
594 1641 684 1676 tam
726 1650 805 1691 pro
841 1635 1027 1690 quadam
1070 1634 1253 1690 pecunie
1285 1648 1455 1675 summa
1486 1634 1593 1674 mihi
1634 1647 1712 1689 per

184 1705 394 1760 Egidium
445 1707 630 1748 Fathers
681 1707 735 1747 de
787 1707 1050 1748 Ivelehester
1095 1707 1138 1746 in
1185 1706 1301 1748 dieto
1352 1705 1476 1747 Com.
1525 1706 1713 1747 Somers·

185 1777 458 1820 Generosum
476 1779 536 1821 501
546 1787 619 1820 uta
635 1795 764 1835 quam
784 1795 861 1835 pro
879 1780 972 1820 31115
991 1779 1112 1820 bonis
1128 1779 1266 1820 eausis
1283 1784 1325 1819 et
1342 1778 1714 1834 consideraeyoni-

185 1851 267 1892 bus
288 1865 357 1892 me
389 1852 443 1892 ad
477 1852 558 1893 1100
591 1852 833 1907 specialiter
856 1852 1126 1893 moventibus
1160 1851 1327 1892 dedisse
1360 1865 1548 1892 ooneess.
1569 1857 1612 1891 et
1632 1850 1716 1891 1100

186 1924 313 1978 pres’i
334 1925 441 1965 ser'o
470 1939 565 1965 meo
587 1925 809 1965 indentato
832 1925 1108 1965 confirmasse
1132 1923 1272 1979 pref’o
1296 1924 1457 1978 Egidio
1479 1930 1522 1964 et
1542 1923 1716 1965 her’bus

186 1995 273 2036 suis
294 1996 449 2037 Totam
470 1996 590 2037 illam
628 1997 912 2037 Medietatem
948 2011 1086 2038 meam
1110 1999 1236 2037 unius
1263 1996 1431 2052 Burg’ii
1467 1996 1555 2038 sive
1590 1996 1716 2050 ten’fi

185 2082 285 2109 011111
320 2068 451 2124 pert's
481 2069 525 2109 111
556 2069 820 2110 Ivelohester
852 2069 1002 2124 pred'a
1036 2070 1165 2110 modo
1202 2069 1271 2110 vel
1307 2083 1447 2124 nuper
1481 2069 1526 2109 in
1560 2074 1717 2109 tenura

186 2141 275 2183 sive
296 2142 585 2197 oeenpaeione
620 2143 759 2184 Joh’is
781 2142 872 2184 Gill
910 2142 979 2183 vel
1012 2143 1217 2183 as'torum
1253 2157 1430 2184 suorum
1455 2141 1643 2197 jacentis
1673 2146 1717 2182 et

187 2215 408 2255 existentis
433 2215 476 2255 in
499 2216 684 2270 quodam
719 2215 831 2256 Vico
862 2215 1022 2256 ibidem
1053 2222 1205 2256 voeato
1240 2215 1366 2256 West
1401 2216 1570 2256 Streete
1602 2214 1717 2256 inter

189 2288 371 2342 Burg'm
395 2287 480 2328 mei
504 2288 640 2342 pref’i
673 2288 814 2330 Joh'is
845 2303 897 2329 ex
927 2303 1018 2343 par.
1051 2296 1185 2331 austr.
1223 2294 1265 2329 et
1288 2288 1473 2343 Burg’m
1496 2287 1626 2329 modo
1646 2286 1718 2329 vel

190 2374 329 2415 nuper
360 2360 401 2400 in
440 2366 595 2402 tenura
627 2361 715 2402 sive
747 2361 1032 2415 oeeupaeione
1069 2361 1294 2416 enjusdam
1325 2360 1465 2403 Joh'is
1502 2359 1718 2402 Sherlock

190 2449 240 2474 ex
265 2448 356 2488 par.
380 2434 488 2476 bori.
579 2435 645 2475 Ae
667 2435 940 2476 eeiannotam
972 2434 1090 2475 illam
1120 2434 1403 2475 Medietatem
1426 2448 1568 2475 meam
1589 2436 1718 2475 unius

190 2506 323 2548 clausi
364 2512 480 2548 terre
520 2513 562 2548 et
604 2508 729 2549 unius
772 2508 905 2549 clausi
947 2516 1122 2563 pasture
1163 2508 1458 2549 continentem
1500 2522 1577 2563 per
1619 2506 1718 2549 esti-

192 2580 431 2620 maeionem
469 2579 542 2620 IX
578 2594 699 2621 aeras
724 2581 920 2635 jacentes
955 2580 1069 2635 apud
1107 2579 1359 2621 Sandrushe
1393 2579 1506 2621 infra
1543 2579 1719 2621 Maner'

189 2653 242 2693 de
277 2652 422 2707 Lyte's
457 2653 597 2706 Carye
629 2652 673 2692 in
707 2652 822 2693 dieto
852 2652 974 2694 Com.
1006 2653 1194 2694 Somers.
1227 2652 1356 2693 modo
1389 2651 1458 2694 vel
1493 2666 1635 2707 nuper
1673 2652 1719 2693 111

190 2732 345 2766 tenura
366 2726 456 2766 sive
488 2726 775 2780 occupacione
797 2725 1021 2781 eujusdam
1046 2725 1194 2767 Rob’ti
1218 2725 1395 2782 Fryday
1415 2724 1484 2767 vel
1511 2727 1720 2766 as’torum

190 2801 302 2841 su'm
326 2800 392 2839 Ac
417 2798 552 2842 eciam
585 2799 711 2841 unius
732 2799 867 2841 clausi
894 2804 1071 2856 pasture
1098 2798 1258 2842 ibidem
1279 2798 1420 2841 vocati
1453 2798 1721 2855 Longeclose
