1834 3208
882 299 945 349 96

154 424 367 470 chestram
405 428 596 485 pred’am
638 428 707 471 die
738 428 926 474 Veneris
965 443 1090 487 prox.
1131 435 1233 473 ante
1273 429 1392 475 Fest.
1428 430 1676 489 Epiphanio

154 499 335 542 Domini
355 515 455 544 ann.
477 516 570 559 reg.
592 502 706 559 Reg.
729 503 913 545 Henrici
934 502 1091 553 Quarti
1111 509 1208 559 post
1227 511 1370 560 conqm
1390 504 1634 548 undecimo.

266 653 460 697 Thomas
483 655 678 699 Machon
698 671 776 699 son
797 657 883 699 and
905 657 998 699 heir
1029 656 1080 699 of
1105 656 1225 700 John
1247 655 1457 708 Machon‚
1477 662 1523 699 to
1553 657 1676 701 John

153 724 327 782 Draper
366 726 417 769 of
440 728 825 771 Ivelchester-all
865 730 931 771 his
962 728 1096 786 right,
1126 729 1171 771 in
1211 729 1270 771 all
1309 729 1384 771 the
1424 729 1549 771 lands
1588 730 1675 774 and

149 803 392 841 tenements
411 801 553 843 which
574 816 679 844 once
700 802 915 858 belonged
937 808 981 844 to
1011 802 1077 843 his
1099 801 1239 844 father
1259 802 1379 845 John
1402 801 1607 853 Maohon,
1629 803 1675 845 in

151 870 350 913 Chiltern
378 873 537 928 Vagge
571 873 658 915 and
692 872 889 915 Chiltern
924 873 1153 924 Dummer‚
1189 874 1274 916 and
1306 874 1350 915 in
1378 874 1675 930 Hardington.

150 941 213 982 At
253 941 556 993 Ievelchester,
596 955 652 985 on
693 943 857 1000 Friday
897 950 1002 985 next
1041 944 1187 986 before
1230 945 1304 987 the
1346 946 1476 987 Feast
1519 946 1569 987 of
1602 947 1676 989 the

150 1011 384 1070 Epiphany
414 1014 465 1056 of
487 1029 567 1057 our
598 1015 730 1060 Lord.
764 1015 866 1056 llth
897 1016 948 1057 of
973 1014 1128 1072 Henry
1160 1016 1247 1060 IV.

439 1163 527 1206 No.
562 1164 657 1205 102.
688 1160 844 1219 Henry
876 1163 962 1206 IV.
997 1164 1120 1205 1410.
1182 1164 1311 1220 April
1343 1164 1381 1208 I.

231 1246 261 1290 J
265 1246 456 1289 ohannes
471 1245 716 1302 Tyssebury
737 1244 930 1296 clericus,
950 1245 1195 1288 Reverendi
1213 1247 1257 1288 in
1275 1247 1450 1290 Christo
1468 1248 1614 1291 Patris
1635 1254 1679 1291 et

147 1325 330 1369 Domini
353 1325 534 1368 Domini
559 1324 762 1366 Nicholai
785 1326 870 1367 Dei
896 1327 1038 1381 gratia
1060 1326 1366 1369 Bathoniensis
1388 1335 1431 1370 et
1453 1328 1679 1370 Wellensis

148 1406 356 1462 Episcopi
378 1405 709 1449 Commissarius
741 1405 984 1456 Generalis,
1014 1407 1224 1448 Discretis
1246 1408 1367 1450 Viris
1401 1408 1517 1449 Will⁰
1540 1408 1679 1452 Gosse

148 1487 343 1530 Roberto
356 1487 470 1530 Vele
484 1486 614 1528 Willo
636 1486 678 1527 N
683 1492 849 1528 ewtone
872 1492 915 1528 et
935 1486 1056 1528 Will⁰
1077 1485 1352 1543 Kingestone
1371 1488 1679 1531 Bathoniensis

146 1573 191 1610 et
211 1567 436 1609 Wellensis
458 1566 652 1609 Diocesis
676 1565 868 1607 Salutem
891 1565 936 1606 in
969 1566 1162 1608 Auctore
1190 1566 1366 1611 Salutis.
1399 1566 1512 1610 Cum
1541 1567 1675 1610 Com·

145 1647 292 1690 missio
331 1645 722 1689 administracionis
762 1645 958 1686 omnium
989 1651 1033 1686 et
1069 1645 1343 1701 singulorum
1382 1647 1596 1688 bonorum
1635 1652 1680 1689 et

146 1727 402 1770 catallorum
435 1740 810 1782 quorumcumque
845 1725 958 1765 infra
994 1724 1216 1766 Diocesim
1251 1725 1595 1768 Bathoniensem
1635 1731 1680 1768 et

144 1807 417 1849 Wellensem
446 1807 499 1848 ab
528 1806 731 1847 intestato
762 1804 1061 1846 decedentium
1091 1803 1145 1844 ad
1177 1803 1341 1846 dictum
1369 1804 1678 1847 Reverendum

146 1886 327 1930 Patrem
361 1891 406 1927 et
442 1884 537 1926 Nos
568 1883 623 1924 de
647 1883 749 1938 jure
784 1888 828 1923 et
863 1882 1041 1937 antiqua
1076 1882 1385 1924 consuetudine
1417 1882 1463 1923 in
1501 1882 1678 1924 Diocesi

145 1967 340 2023 predicta
360 1966 587 2007 observata
617 1963 833 2019 pertineat
863 1961 935 2003 Ad
964 1960 1356 2003 administrandum
1387 1961 1522 2017 igitur
1556 1962 1676 2005 colli-

143 2048 337 2104 gendum
359 2045 642 2088 adimandum
677 2050 720 2085 et
753 2042 1048 2099 recipiendum
1069 2041 1215 2083 omnia
1236 2048 1279 2084 et
1299 2042 1473 2098 singula
1495 2043 1608 2085 bona
1629 2049 1673 2086 et

143 2127 299 2170 catalla
319 2127 384 2182 cuj
394 2125 544 2167 usdam
564 2123 783 2168 Willielmi
804 2122 1003 2164 Whittok
1025 2121 1078 2163 de
1101 2121 1366 2164 Ivelchcster
1389 2123 1442 2164 ab
1467 2122 1672 2164 intestato

135 2208 231 2264 jam
271 2222 412 2263 nuper
450 2205 697 2248 decedentis
737 2204 782 2245 in
821 2216 1196 2259 quorumcumque
1249 2201 1448 2243 manibus
1483 2202 1673 2244 existant

142 2287 282 2331 Vobis
303 2286 503 2343 primitus
527 2284 685 2341 juratis
715 2283 768 2325 de
799 2282 917 2324 fideli
944 2281 1186 2323 inventario
1221 2281 1435 2323 bonorum
1465 2287 1509 2322 et
1539 2281 1672 2323 catal-

140 2366 284 2410 lorum
317 2363 567 2421 hujusmodi
600 2361 869 2404 conficiendo
907 2366 950 2402 et
984 2359 1208 2401 ratiocinio
1241 2359 1414 2414 integro
1455 2365 1499 2401 et
1538 2359 1670 2413 legali

140 2461 242 2489 cum
261 2460 393 2502 super
411 2445 495 2486 hoc
514 2443 657 2486 debite
671 2441 838 2483 fueritis
855 2440 1049 2497 requisiti
1064 2439 1165 2480 inde
1181 2438 1404 2480 reddendo
1426 2438 1670 2495 plenariam

139 2526 450 2569 committimus
480 2528 740 2580 potestatem
769 2520 950 2575 Vosque
976 2518 1350 2561 administratores
1379 2518 1594 2560 bonorum
1626 2524 1671 2561 et

139 2606 396 2649 catallorum
424 2602 673 2660 hujusmodi
706 2600 967 2657 perfecimus
999 2612 1078 2654 per
1110 2602 1332 2654 presentes
1363 2596 1419 2638 In
1453 2597 1576 2653 cujus
1605 2597 1669 2639 rei

139 2686 332 2740 (testim.)
349 2683 553 2740 Sigillum
574 2680 717 2723 Officii
737 2679 873 2721 nostri
894 2678 1164 2735 presentibus
1187 2681 1252 2719 est
1271 2689 1526 2732 appensum.
1548 2675 1668 2717 Data

137 2764 301 2808 Wellie
337 2755 476 2821 primo
516 2761 586 2804 die
622 2760 789 2803 Mensis
828 2758 995 2816 Aprilis
1036 2758 1168 2800 Anno
1205 2755 1388 2799 Domini
1426 2755 1666 2803 Millesimo

138 2836 580 2894 Quadringentesimo
621 2833 804 2877 decimo.
