1834 3208
868 271 960 317 120

152 402 265 447 Veel
294 403 383 445 into
414 401 651 458 possession
682 400 731 442 of
757 415 782 442 a
816 401 1012 455 burgage
1032 399 1075 440 in
1097 395 1424 447 Yevelchester,
1455 409 1561 438 once
1600 395 1675 438 the

154 482 360 533 property
392 474 443 517 of
469 475 591 517 John
613 473 719 516 Cole
754 473 804 515 of
832 472 1137 526 Bridgwater3
1168 471 1213 511 in
1239 470 1314 511 the
1349 469 1477 525 High
1513 469 1673 519 Street,

155 550 285 591 north
319 548 369 590 of
394 548 514 591 John
538 546 783 588 Mascalle’s
804 546 931 601 burg.
967 545 1110 586 where
1143 542 1290 585 David
1314 542 1475 584 Hawes
1511 542 1546 583 is
1578 554 1677 583 now

155 622 306 678 living,
347 621 543 677 opposite
583 620 659 661 the
700 619 842 669 Cross,
882 632 986 660 near
1025 617 1100 658 the
1141 615 1369 658 Shambles
1375 645 1682 658 .....

155 694 384 750 Thursday
416 694 526 736 after
556 693 630 734 the
667 693 796 733 Feast
830 691 880 733 of
902 691 977 732 the
1009 689 1227 746 Apostles,
1248 689 1400 731 Simon
1427 688 1513 729 and
1546 689 1576 731 J
1583 687 1677 729 ude.

158 767 210 811 In
243 768 317 809 the
347 767 424 808 6th
455 781 558 822 year
589 765 640 807 of
665 766 818 820 Henry
850 763 936 805 VI.

246 934 334 977 No.
368 934 463 976 124.
496 933 655 987 Henry
685 933 771 975 VI.
806 933 929 974 1427.
990 931 1208 987 Saturday
1237 931 1348 973 after
1380 930 1497 972 Novr
1531 928 1597 972 11.

273 1010 422 1052 Sciant
443 1024 555 1065 pres,
576 1015 619 1051 et
640 1009 717 1051 fut.
740 1008 856 1064 quod
879 1007 979 1063 Ego
998 1007 1218 1049 Robertus
1240 1006 1353 1049 Veel
1375 1006 1475 1048 dedi
1527 1040 1538 1050 .
1599 1039 1609 1048 .

158 1087 355 1128 Will’mo
397 1085 624 1128 Boneville
670 1085 827 1142 Egidio
870 1085 1115 1140 Dauboney
1165 1083 1332 1126 Thome
1373 1083 1683 1140 Beauchampe

161 1164 376 1207 Militibus
397 1164 426 1206 J
432 1163 516 1204 oh’i
534 1164 767 1204 Stourtone
784 1161 1037 1203 Alexandro
1054 1161 1162 1203 dela
1181 1161 1333 1216 Lynde
1351 1161 1507 1202 Nicho’
1525 1162 1685 1216 Yonge

158 1240 316 1282 clerico
338 1240 366 1282 J
370 1239 456 1280 oh’i
481 1239 600 1281 Beof
622 1239 651 1281 J
657 1239 741 1280 oh’i
764 1238 965 1294 Gregory
987 1238 1015 1280 J
1019 1238 1102 1279 oh’i
1128 1237 1295 1279 Bolour
1319 1237 1538 1279 Edwardo
1561 1237 1686 1280 Cole-

159 1316 281 1357 forde
303 1317 332 1358 J
337 1315 419 1357 oh’i
444 1315 580 1356 Baret
609 1315 638 1357 J
642 1314 727 1356 oh’i
749 1314 952 1356 Guldene
982 1314 1167 1369 Hugoni
1201 1313 1329 1355 Kene
1351 1314 1502 1356 Will’o
1524 1315 1687 1356 Shourt

160 1391 357 1433 Henrico
379 1391 499 1446 Grey
531 1390 653 1433 Joh’i
684 1390 970 1446 Pupelpenne
1004 1390 1129 1432 Ric’o
1162 1390 1283 1431 Serle
1319 1391 1512 1432 Henrico
1539 1391 1686 1433 Have-

157 1468 270 1524 gode
303 1474 346 1510 et
379 1468 409 1510 J
413 1467 500 1509 oh’i
523 1466 761 1509 Glainville
788 1467 874 1508 duo
898 1466 1131 1522 Mesuagia
1166 1481 1265 1508 cum
1288 1472 1420 1522 perts,
1448 1467 1493 1508 in
1522 1468 1686 1510 Yevel-

157 1545 326 1587 chestre
354 1545 453 1586 situ.
485 1544 531 1584 in
553 1543 658 1585 Alto
679 1543 791 1585 Vico
818 1543 1012 1599 ejusdem
1034 1543 1152 1584 Ville
1173 1558 1225 1585 ex
1248 1558 1339 1599 par.
1362 1544 1470 1586 bori.
1491 1549 1534 1585 et
1554 1546 1688 1590 occid.

158 1622 358 1673 Quorum
381 1621 712 1677 Mesuagiorum
736 1635 871 1662 unum
894 1621 1013 1677 jacet
1039 1621 1152 1662 inter
1172 1623 1337 1663 ten’um
1360 1621 1474 1676 quod
1496 1621 1688 1664 Thomas

159 1699 386 1741 Fauconer
426 1698 555 1740 modo
597 1703 717 1740 tenet
757 1704 800 1739 et
839 1700 1004 1739 ten'um
1045 1698 1074 1740 J
1078 1698 1186 1739 oh'is
1228 1697 1427 1739 Taillour
1469 1698 1530 1739 Et
1570 1699 1686 1754 quod

160 1776 445 1831 Mesuagium
466 1790 606 1830 nuper
627 1789 726 1816 cum
748 1775 842 1816 aliis
864 1774 1057 1830 personis
1078 1774 1208 1816 habui
1226 1774 1280 1816 de
1302 1775 1415 1816 dono
1437 1781 1479 1816 et
1500 1789 1689 1818 concess.

157 1852 299 1895 Will’i
320 1852 553 1894 Whittoke
574 1853 632 1893 Et
653 1852 768 1908 quod
790 1852 903 1894 idem
923 1851 1106 1893 Will'us
1125 1852 1243 1907 prius
1269 1852 1526 1908 perquisivit
1547 1853 1626 1894 sibi
1647 1859 1691 1894 et

157 1929 331 1971 her’bus
353 1929 441 1970 suis
463 1928 515 1969 de
537 1928 565 1971 J
569 1928 625 1970 oh
646 1943 668 1969 e
694 1928 859 1984 Fysshe
881 1928 942 1968 Et
964 1928 1082 1969 aliud
1103 1927 1376 1983 mesuagium
1392 1928 1510 1984 jacet
1531 1929 1576 1969 in
1598 1944 1691 1985 par.

157 2005 266 2048 bori.
285 2005 409 2046 ten'ti
431 2005 459 2047 J
463 2004 570 2046 oh'is
590 2003 799 2045 Mascalle
820 2003 865 2044 in
887 2018 972 2059 quo
994 2002 1140 2044 David
1161 2002 1322 2044 Hawes
1334 2003 1463 2045 modo
1478 2004 1693 2048 inhabitat

158 2094 212 2122 ex
233 2080 432 2136 opposito
456 2080 585 2122 Cruci
607 2080 651 2120 in
677 2080 875 2121 Mercato
891 2079 1020 2135 juxta
1041 2078 1102 2120 les
1125 2079 1348 2121 Shameles
1371 2080 1566 2136 ejusdem
1588 2083 1691 2125 ville

160 2157 222 2199 Et
242 2157 358 2213 quod
380 2157 653 2213 mesuagium
676 2171 815 2212 nuper
845 2156 976 2197 habui
1005 2156 1057 2197 de
1090 2156 1204 2198 dono
1265 2189 1276 2202 .
1337 2189 1348 2200 .
1408 2189 1419 2200 .
1480 2191 1490 2202 .
1550 2159 1692 2201 Will’i

159 2233 298 2276 Gosse
321 2235 380 2275 Et
403 2233 521 2289 quod
542 2234 634 2289 ipse
668 2234 787 2289 prius
816 2233 969 2274 habuit
1005 2233 1058 2274 de
1091 2233 1204 2275 dono
1268 2267 1276 2276 .
1339 2267 1350 2278 .
1409 2267 1420 2276 .
1481 2268 1490 2278 .
1550 2236 1692 2278 Joh’is

160 2309 266 2352 Cole
301 2309 355 2351 de
392 2310 715 2365 Bruggewater
753 2308 871 2349 Dedi
908 2308 1037 2350 etiam
1098 2340 1108 2351 .
1169 2342 1180 2351 .
1240 2341 1251 2350 .
1310 2342 1321 2352 .
1383 2324 1519 2351 unum
1541 2316 1692 2365 mes’m

157 2387 203 2428 in
225 2386 473 2441 Mountagu
495 2385 609 2441 quod
632 2385 852 2440 quondam
873 2399 972 2426 cum
1003 2384 1096 2425 aliis
1118 2385 1310 2441 personis
1338 2385 1469 2428 habui
1491 2387 1544 2429 de
1579 2388 1694 2430 dono

158 2463 296 2518 pred’i
346 2462 486 2505 Will'i
526 2464 586 2505 W
592 2462 773 2517 hyttoke
816 2461 1100 2512 Habendum‚
1150 2463 1238 2513 &c.,
1290 2462 1390 2504 Hiis
1425 2470 1523 2507 test.
1564 2465 1594 2507 J
1598 2465 1694 2506 oh'e

158 2539 418 2596 Wynforde‚
452 2538 689 2580 Edmundo
711 2540 964 2589 Dommere‚
986 2540 1016 2581 J
1020 2539 1116 2580 oh'e
1147 2539 1372 2584 Mascalle.
1398 2541 1428 2583 J
1432 2541 1527 2582 oh’e
1551 2541 1693 2597 Chep-

158 2629 276 2666 man,
311 2614 463 2656 Will’o
497 2614 746 2670 Salesbury‚
782 2613 909 2656 Joh'e
947 2614 1067 2664 Cole‚
1105 2614 1228 2656 Ric’o
1260 2615 1472 2671 Helyere‚
1509 2617 1569 2658 Et
1601 2618 1694 2659 aliis

161 2692 282 2734 Data
302 2692 371 2734 die
407 2691 587 2733 Sabbati
619 2705 742 2746 prox,
778 2696 874 2746 post
909 2690 1026 2733 Fest.
1061 2690 1146 2733 S'ci
1183 2692 1365 2734 Martini
1402 2693 1614 2750 Episcopi
1649 2695 1694 2736 in

159 2769 317 2811 Yeme.
348 2767 467 2812 Ann,
498 2781 590 2822 reg.
623 2766 809 2808 Henrici
842 2766 965 2808 Sexti
997 2772 1094 2823 post
1124 2774 1265 2824 conq¹¹¹
1297 2767 1444 2818 Sexto,
