1834 3208
778 322 840 369 35

47 459 92 502 in
113 455 289 512 Campis
324 454 378 497 de
414 453 641 498 Chilterne
663 453 908 496 Dummere
930 452 1063 496 Unde
1091 468 1179 496 una
1205 468 1306 507 aqra
1319 454 1438 510 jacet
1460 453 1576 510 apud

49 531 114 573 La
133 526 398 583 Fssodghete
421 526 482 568 Et
502 540 590 568 una
619 540 720 567 acra
749 530 793 567 et
826 525 1006 567 dimidia
1027 526 1177 582 jacent
1197 526 1242 567 in
1264 526 1578 583 Langgelonde

49 603 112 646 Et
143 616 231 644 una
253 615 354 643 acra
380 600 500 656 jacet
527 599 572 640 in
597 597 839 640 Ffilemede
872 598 916 639 in
951 604 1074 654 parte
1094 599 1249 641 boriali
1281 605 1397 642 terre
1428 599 1578 641 Turke

50 677 109 720 Et
171 688 258 716 una
307 687 409 715 acra
444 672 565 728 jacet
609 671 655 713 in
707 670 1168 713 Sohortehenedlonde
1232 672 1295 714 Et
1344 686 1432 714 una
1480 686 1581 714 acra

44 750 164 807 jacet
185 747 230 788 in
252 745 526 788 Holecombe
548 745 606 787 Et
627 744 808 786 dimidia
835 759 936 786 acra
963 745 1083 801 jacet
1109 746 1154 786 in
1177 745 1451 787 Holeeombe
1477 745 1521 786 in
1544 744 1585 786 le

52 820 394 876 Marlyngputte
433 818 494 859 Et
530 817 616 859 due
657 832 756 859 acre
789 817 940 874 jacent
974 818 1019 859 in
1056 818 1202 860 North
1243 817 1480 861 Wonfelde
1523 818 1585 859 Et

52 893 230 936 dimidia
269 906 370 933 acra
411 892 531 948 jacet
579 891 625 933 in
668 890 994 947 Bynnoh'hulle
1032 892 1077 932 in
1120 897 1244 947 parte
1294 891 1428 934 occid.
1470 897 1588 933 terre

53 965 335 1022 Walesleghe
358 964 419 1006 Et
435 964 615 1006 dimidia
635 978 735 1006 acra
747 965 866 1021 jacet
887 964 999 1007 inter
1021 965 1214 1021 Bymere
1230 971 1272 1006 et
1290 963 1588 1007 Saltereslake

54 1041 114 1083 Et
135 1039 316 1081 dimidia
337 1052 438 1080 acra
459 1037 677 1079 exstendit
708 1052 839 1093 super
862 1037 1167 1094 Langgemere
1200 1039 1258 1080 Et
1285 1038 1466 1080 dimidia
1487 1051 1589 1079 aera

48 1113 166 1170 Jacet
207 1112 394 1168 desuper
435 1109 788 1167 Hanggerlonde
822 1111 952 1167 juxta
997 1116 1159 1152 terram
1204 1110 1486 1166 Walesleghe
1527 1110 1591 1152 Et

55 1185 234 1228 dimidia
255 1199 356 1226 aera
390 1199 520 1240 super
543 1184 781 1226 Overmere
800 1184 931 1240 juxta
961 1189 1124 1225 terram
1160 1184 1382 1240 quondam
1406 1184 1590 1225 Domini

58 1258 226 1300 Thome
261 1258 315 1299 de
352 1257 676 1313 Remmesbury
697 1271 751 1298 ex
787 1263 912 1313 parte
934 1257 1089 1300 orient.
1128 1257 1189 1298 Et
1225 1272 1313 1299 una
1345 1271 1447 1299 acra
1473 1257 1593 1313 jacet

62 1345 193 1387 super
215 1329 492 1385 Colderygge
526 1328 589 1370 Et
623 1343 711 1370 una
740 1343 841 1371 acra
863 1329 983 1385 jacet
1013 1335 1138 1371 extra
1161 1329 1343 1372 Torke's
1374 1329 1510 1371 crofte
1533 1329 1595 1370 Et

62 1403 242 1445 dimidia
277 1416 377 1444 acra
404 1402 524 1458 jacet
545 1415 598 1443 ex
633 1407 757 1458 parte
793 1402 926 1444 occid.
955 1401 1105 1445 Crofte
1131 1402 1282 1445 Turke
1320 1403 1381 1444 Et
1417 1402 1597 1443 dimidia

62 1489 162 1518 acra
182 1481 226 1517 et
246 1488 335 1516 una
355 1474 462 1516 roda
482 1479 598 1516 terre
620 1474 772 1530 jacent
792 1479 917 1515 extra
936 1473 978 1516 le
1001 1474 1286 1532 Mone’sheye
1306 1476 1366 1517 Et
1386 1489 1474 1516 una
1495 1489 1596 1516 aera

62 1553 178 1589 terre
206 1547 328 1603 jacet
363 1545 480 1601 apud
503 1545 849 1601 Maydeneresce
881 1545 926 1586 in
962 1552 1086 1602 parte
1119 1547 1228 1589 bori.
1264 1552 1380 1588 terre
1402 1546 1594 1603 Pyngho

64 1620 127 1662 Et
148 1619 329 1662 dimidia
349 1633 450 1660 acra
484 1624 527 1660 et
558 1633 646 1660 una
678 1618 786 1660 roda
817 1619 931 1675 prati
959 1619 1108 1675 jacent
1139 1620 1184 1661 in
1218 1619 1529 1676 Langgemede
1550 1620 1595 1660 in

63 1699 189 1750 parte
230 1698 364 1734 austr.
405 1691 520 1747 prati
555 1691 776 1747 quondam
808 1690 1090 1748 Welesleghe
1132 1693 1191 1734 Et
1223 1708 1311 1734 una
1345 1693 1452 1734 roda
1484 1692 1599 1748 prati

55 1766 175 1823 jacet
194 1766 240 1807 in
262 1764 575 1821 Langgemede
592 1764 723 1821 juxta
743 1770 918 1821 pratum
941 1764 981 1806 le
1005 1765 1144 1807 Mone
1167 1766 1228 1807 Et
1249 1781 1337 1807 una
1357 1781 1457 1808 acra
1478 1765 1595 1822 prati

57 1840 175 1895 jacet
208 1839 253 1880 in
288 1837 637 1881 Chilternemere
669 1837 715 1879 in
746 1844 870 1894 parte
906 1838 1041 1880 occid.
1079 1839 1193 1895 prati
1220 1839 1371 1895 Pygaz
1400 1839 1520 1881 Hah.
1555 1844 1598 1880 et

64 1913 162 1954 Ten
223 1945 232 1955 .
295 1944 305 1953 .
368 1943 378 1953 .
439 1943 450 1954 .
524 1911 580 1952 In
615 1911 739 1968 cujus
774 1911 837 1953 rei
873 1912 985 1954 testi.
1024 1912 1145 1953 Huic
1178 1913 1350 1968 Scripto
1389 1912 1597 1968 bipartito

66 1984 315 2027 alternatim
366 1983 510 2040 sigilla
559 1990 708 2026 nostra
758 1985 1039 2040 apposuimus
1101 1985 1202 2027 Hiis
1253 1992 1349 2028 test.
1405 1985 1598 2027 Domino

67 2058 271 2102 Johanne
312 2057 366 2100 de
404 2057 621 2108 Romesie,
657 2057 827 2108 Milite3
858 2058 1062 2101 Johanne
1103 2058 1157 2100 de
1191 2059 1450 2109 Dummere,
1491 2058 1600 2101 Joh⁹

66 2131 191 2188 Ffag’
223 2131 330 2174 Johe
366 2130 611 2181 Atteforde,
640 2131 747 2174 Johe
778 2131 940 2182 Torke‚
974 2131 1004 2174 J
1007 2132 1080 2173 ohe
1111 2132 1264 2188 Pigaz‚
1288 2133 1457 2173 Datum
1478 2131 1595 2187 apud

67 2202 290 2246 Chilterne
304 2202 430 2258 Ffag'
449 2202 537 2244 Die
559 2202 683 2244 Lune
699 2203 744 2243 in
762 2202 962 2245 Crastino
980 2202 1128 2245 Sancti
1150 2204 1331 2260 Georgii
1347 2218 1461 2245 anno
1475 2201 1601 2258 regni

67 2275 203 2331 Regis
224 2274 432 2317 Edwardi
461 2274 603 2316 Tercii
633 2289 659 2316 a
688 2281 927 2331 conquestu
957 2275 1124 2317 Tercio.

180 2467 355 2511 Walter
376 2467 428 2510 of
456 2467 647 2524 Mylton,
679 2482 757 2509 son
793 2468 879 2509 and
915 2468 1008 2510 heir
1040 2468 1089 2510 of
1113 2469 1234 2512 John
1267 2469 1318 2511 of
1343 2469 1536 2526 Myston,
1556 2476 1601 2512 to

71 2540 192 2583 John
214 2540 381 2598 Stagon
403 2541 490 2583 and
513 2541 653 2583 Elena
675 2541 798 2583 relict
827 2541 878 2583 of
905 2542 1049 2583 Adam
1073 2542 1126 2584 de
1149 2543 1402 2593 Waltham3
1434 2544 1601 2585 sixteen

72 2627 190 2656 acres
223 2614 310 2656 and
346 2629 429 2656 one
462 2614 569 2656 rood
603 2614 654 2656 of
677 2614 837 2665 arable,
868 2615 953 2656 and
982 2621 1067 2657 two
1103 2631 1220 2658 aeres
1245 2616 1296 2658 of
1323 2617 1524 2658 Meadow
1556 2618 1602 2658 in

76 2685 301 2729 Chilterne
344 2688 588 2730 Dummere
629 2688 777 2738 fields;
820 2688 1078 2730 distributed
1112 2689 1155 2730 in
1186 2690 1306 2732 these
1337 2690 1606 2732 loeaiities—

72 2763 117 2800 at
153 2760 228 2802 the
269 2760 528 2817 Floodgate,
569 2762 615 2802 in
657 2761 904 2817 Longland‚
945 2762 990 2802 in
1033 2762 1144 2804 Ffile
1185 2777 1234 2804 or
1269 2763 1513 2815 Vilemead,
1554 2765 1599 2806 in

77 2831 428 2876 Shortenedland
458 2837 574 2887 (now
597 2834 872 2887 Shortlands)
903 2834 948 2875 in
977 2835 1262 2884 Holeeombe,
1284 2836 1369 2877 and
1397 2836 1442 2877 in
1465 2837 1603 2879 Hole-
