1834 3208
174 605 564 697 jisstbesstet
659 599 1126 688 fflmssbnuze
1222 596 1519 674 {betha

309 875 312 878 '
371 866 458 907 No.
491 865 527 906 Ι.
562 863 938 906 undated-—Time
961 862 1010 903 of
1027 862 1151 914 King·
1173 862 1307 905 John.

189 941 338 984 Sciant
355 946 576 997 presentes
599 946 641 981 et
663 938 796 979 futuri
820 937 933 992 quod
954 952 1035 993 ego
1057 936 1323 978 Willielmus
1341 936 1491 977 Dacus
1514 933 1614 975 dedi

80 1020 122 1055 et
155 1015 345 1056 concessi
380 1022 421 1057 et
457 1015 537 1055 hac
574 1012 762 1069 presenti
810 1019 929 1052 carta
962 1012 1216 1053 confirmavi
1253 1009 1499 1052 Herwardo
1535 1023 1614 1064 pro

81 1088 283 1145 homagio
316 1097 358 1130 et
389 1088 569 1130 servicio
600 1102 677 1128 suo
704 1086 982 1141 Mesuagium
1017 1085 1131 1140 quod
1157 1085 1365 1140 Paganus
1390 1083 1614 1139 Hoperius

79 1162 218 1202 tenuit
241 1177 338 1202 cum
371 1162 537 1203 duabus
572 1163 759 1204 dimidiis
791 1161 901 1202 acris
936 1174 1042 1215 quas
1078 1159 1297 1214 predictus
1334 1158 1371 1198 P
1411 1161 1614 1212 (aganus)

78 1235 217 1276 tenuit
241 1236 301 1276 Et
323 1251 420 1277 cum
457 1236 498 1277 la
533 1236 620 1292 Rig
641 1252 741 1277 acra
766 1237 827 1276 Et
858 1250 956 1277 cum
979 1235 1147 1275 duobus
1175 1234 1372 1275 sextariis
1396 1233 1508 1287 prati
1530 1244 1614 1288 que

72 1308 221 1364 jacent
255 1311 382 1365 juxta
424 1318 595 1365 pratum
644 1310 687 1351 H
731 1310 784 1351 de
823 1309 1045 1365 Spegeton
1087 1308 1288 1358 Quorum
1326 1322 1461 1348 unum
1497 1308 1616 1363 jacet

79 1398 228 1424 versus
252 1385 477 1425 Orientem
500 1392 542 1425 et
564 1385 682 1425 aliud
716 1399 863 1425 versus
899 1383 1181 1425 Occidentem
1204 1383 1334 1438 juxta
1367 1381 1613 1438 predictum

79 1464 254 1511 pratum
283 1457 326 1497 H
346 1457 399 1498 de
422 1457 644 1513 Spegeton
671 1457 730 1498 Et
753 1473 849 1498 cum
875 1471 963 1497 una
994 1456 1204 1511 perticata
1236 1455 1349 1511 prati
1381 1469 1464 1510 que
1495 1455 1615 1511 jacet

79 1544 227 1570 versus
280 1530 564 1571 Occidentem
608 1531 739 1586 juxta
791 1530 962 1584 Kinges
1014 1529 1190 1585 furlang
1251 1528 1519 1570 Habendum
1572 1534 1616 1569 et

78 1603 332 1644 Tenendum
370 1605 448 1644 sibi
486 1612 527 1645 et
564 1604 796 1645 heredibus
832 1605 918 1645 suis
961 1604 1013 1645 de
1052 1618 1119 1644 me
1163 1610 1205 1644 et
1242 1602 1474 1644 heredibus
1509 1603 1615 1643 meis

78 1676 213 1718 libere
250 1685 291 1718 et
327 1677 471 1732 quiete
496 1677 688 1732 plenarie
723 1684 764 1717 et
801 1677 972 1732 integre
996 1676 1239 1717 Reddendo
1265 1676 1365 1717 inde
1389 1676 1614 1716 annuatim

79 1750 301 1791 Undecim
347 1751 518 1792 Solidos
563 1766 638 1807 per
690 1758 878 1806 quatuor
920 1751 1021 1791 anni
1061 1750 1289 1791 Terminos
1332 1750 1506 1792 Scilicet
1559 1750 1614 1791 ad

78 1822 257 1864 Festum
283 1824 431 1864 Sancti
458 1823 674 1866 ‚Iohannis
709 1830 795 1864 tres
828 1832 870 1864 et
901 1824 1083 1878 triginta
1118 1823 1319 1864 denarios
1348 1823 1402 1863 ad
1433 1823 1614 1863 Festum

77 1897 169 1938 S’c'i
195 1897 426 1938 Michaelis
459 1898 593 1938 xxxiii
616 1898 764 1939 denar.
827 1898 899 1938 Ad
937 1897 1094 1938 Natale
1128 1897 1312 1938 Domini
1345 1897 1481 1937 xxxiii
1513 1896 1613 1938 den.

75 1971 147 2012 Ad
194 1970 407 2012 pascham
452 1972 584 2012 xxxiii
627 1972 725 2014 den.
769 1988 848 2028 pro
890 1972 1009 2013 omni
1049 1971 1229 2013 servicio
1273 1970 1393 2012 salvo
1433 1971 1613 2012 servicio

75 2046 317 2087 extrinseco
342 2046 430 2087 Pro
453 2046 534 2087 hac
555 2054 700 2087 autem
734 2046 972 2088 donacione
995 2061 1091 2087 mea
1123 2052 1165 2086 et
1196 2046 1471 2087 concessione
1493 2045 1614 2086 dedit

74 2119 182 2159 mihi
224 2119 443 2174 predictus
498 2120 542 2160 H
572 2120 775 2170 (erward)
813 2119 1035 2160 dimidiam
1086 2118 1288 2159 Marcam
1340 2118 1528 2173 Argenti
1570 2119 1612 2159 in

75 2193 376 2248 recognicione
415 2193 475 2234 Et
509 2200 556 2234 ut
598 2194 677 2234 hec
719 2193 901 2234 donacio
943 2207 1040 2234 mea
1077 2199 1120 2234 et
1160 2193 1379 2234 concessio
1424 2193 1539 2233 Rata
1571 2199 1614 2233 et

75 2265 251 2306 stabilis
270 2273 522 2321 permaneat
548 2266 800 2307 Presentem
826 2266 1006 2307 Cartam
1041 2265 1184 2321 Sigilli
1221 2266 1306 2306 mei
1335 2266 1613 2322 apposicione

74 2339 351 2381 corroboravi
372 2340 472 2380 Hiis
487 2340 687 2381 Testibus
706 2340 922 2382 Giliberto
947 2340 1071 2381 Daco
1085 2339 1253 2380 Thoma
1269 2340 1321 2380 de
1340 2339 1613 2381 Cirencestre

75 2414 270 2454 Roberto
291 2413 391 2453 Triz
414 2413 615 2455 Galfrido
649 2414 701 2455 de
735 2413 968 2469 Hospitale
994 2413 1236 2454 Willielmo
1263 2413 1388 2454 Raffe
1412 2414 1520 2454 Will
1559 2414 1614 2456 cle

74 2487 264 2544 Geddi’g
291 2488 487 2529 Henrico
505 2487 679 2529 Caretio
706 2487 896 2528 Ricardo
911 2487 1068 2529 clerico
1091 2487 1165 2542 qui
1188 2487 1299 2528 hanc
1315 2487 1493 2530 Cartam
1511 2487 1613 2529 fecit

76 2562 136 2603 Et
159 2562 307 2603 multis
329 2562 437 2603 aliis.

186 2709 386 2751 William
429 2709 592 2760 Dacus,
628 2710 816 2761 (Dacres
830 2710 863 2761 ?)
897 2715 1050 2766 grants
1090 2715 1134 2751 to
1172 2708 1406 2759 Herward‚
1444 2709 1510 2750 for
1542 2710 1608 2751 his

72 2782 258 2839 homage
279 2783 364 2824 and
403 2784 580 2833 service,
613 2798 638 2824 a
673 2783 912 2840 Messuage
942 2783 1043 2825 held
1077 2783 1224 2825 before
1258 2784 1313 2838 by
1349 2783 1506 2838 Hoper
1537 2783 1610 2824 the

74 2855 402 2911 Countryman;
436 2855 543 2897 Also
567 2868 651 2897 two
674 2856 905 2897 half-acres
928 2856 1029 2897 held
1062 2857 1116 2911 by
1141 2856 1214 2897 the
1248 2870 1366 2897 same
1404 2863 1608 2911 country-
