1834 3208
845 285 907 334 29

227 415 403 460 Walter
432 417 487 460 de
518 417 750 473 Romesye‚
782 416 957 473 knight‚
987 421 1032 458 to
1071 415 1261 458 Matilda
1298 416 1438 467 Isaac,
1467 415 1644 458 Walter

112 489 236 532 Isaac
257 490 307 532 of
322 490 474 547 Hylle,
495 490 581 532 and
604 489 805 531 William
835 489 958 530 Isaac
995 487 1046 530 of
1071 488 1145 529 the
1178 503 1309 540 same,
1345 488 1411 530 for
1432 504 1458 530 a
1478 489 1642 531 certain

110 577 206 605 sum
227 563 278 605 of
296 578 453 619 money
474 563 575 619 paid
596 563 723 605 down
745 569 789 604 to
811 562 1016 604 me—All
1039 561 1134 603 that
1159 576 1400 618 messuage,
1422 562 1642 618 paddock,

109 636 288 691 garden‚
329 637 476 678 arable
511 636 628 687 land,
669 636 754 677 and
798 636 1007 686 meadow,
1047 635 1187 676 which
1240 636 1364 677 Isaac
1414 635 1464 677 of
1500 635 1640 691 Hylle

107 708 314 766 formerly
336 709 438 752 held
466 710 517 752 of
544 724 614 751 me
635 710 679 750 in
702 709 841 766 Hylle
863 724 968 751 near
992 709 1218 752 Chilterne
1239 710 1478 751 Dommere
1500 710 1544 750 in
1566 710 1640 751 the

109 781 184 826 Co.
207 782 257 824 of
271 782 446 826 Somers
504 815 804 827 .....
870 783 1015 825 Given
1037 789 1081 824 at
1104 783 1322 838 Romesye
1344 797 1400 824 on
1422 782 1639 838 Saturday

105 861 210 896 next
230 856 376 898 before
397 857 471 898 the
493 857 625 899 Feast
654 857 704 899 of
728 857 803 898 the
826 856 1026 912 Nativity
1062 855 1113 897 of
1142 855 1193 899 St
1228 856 1348 898 John
1384 856 1561 911 Baptist
1593 856 1638 896 in

104 927 179 968 the
204 929 306 969 l2th
327 944 430 985 year
452 930 502 971 of
516 930 590 971 the
610 929 735 985 reign
766 928 816 970 of
830 929 956 984 King
980 928 1105 970 Edw.
1123 942 1200 969 son
1223 927 1273 969 of
1288 927 1412 983 King
1435 928 1638 979 Edward‚

103 1001 411 1044 Witnesses—
427 1003 497 1044 Sir
546 1003 665 1046 John
726 1002 780 1043 de
830 1002 1086 1052 Dommere,
1138 1001 1340 1057 Knight3
1401 1002 1522 1043 John
1583 1002 1636 1043 de

102 1073 355 1125 Dommere,
385 1075 595 1130 Esquire3
632 1074 717 1115 and
754 1074 915 1116 others.

279 1205 367 1247 No.
398 1206 468 1247 21.
500 1205 624 1247 Edw.
658 1205 723 1247 ΙΙ.
758 1206 881 1247 1323.
942 1204 1082 1246 Sund.
1114 1203 1226 1246 after
1257 1204 1369 1246 Ootr.
1407 1205 1474 1245 18.

214 1278 299 1320 Sei.
321 1293 434 1334 pres.
457 1285 500 1320 et
521 1279 598 1321 fut.
621 1278 737 1335 quod
771 1279 871 1335 Ego
897 1278 926 1321 J
931 1278 1123 1319 ohannes
1147 1278 1373 1319 Laueranz
1407 1278 1461 1319 de
1491 1278 1631 1320 Chilt-

98 1364 198 1392 erne
219 1350 378 1407 Vagge
399 1351 499 1393 dedi
520 1366 614 1393 con.
638 1358 681 1393 et
710 1351 790 1392 hac
807 1366 897 1406 pre.
920 1365 1005 1392 car.
1034 1365 1132 1392 mea
1159 1351 1415 1393 confirmavi
1436 1352 1465 1394 J
1469 1351 1633 1393 ohanni

97 1423 150 1464 de
182 1423 417 1480 Kayrhays
447 1431 658 1481 perpetuo
690 1424 867 1466 Vicario
906 1424 1100 1466 Ecclesie
1132 1424 1185 1465 de
1216 1424 1382 1466 Combe
1418 1425 1631 1481 Kaygnes

98 1496 253 1538 Unum
275 1498 555 1553 Mesuagium
587 1513 685 1539 cum
721 1504 836 1539 curt⁰
864 1504 907 1539 et
934 1498 1080 1539 curtil⁰
1102 1504 1144 1539 et
1179 1513 1278 1539 cum
1313 1498 1514 1540 omnibus
1543 1499 1631 1539 suis

96 1576 207 1625 pert⁸
229 1571 273 1611 in
297 1571 523 1614 Chilterne
544 1571 704 1627 Vagge
736 1572 794 1613 Et
821 1586 956 1612 unum
985 1571 1222 1627 ferlingum
1247 1579 1358 1613 terre
1381 1572 1427 1612 in
1450 1571 1628 1627 Campis

96 1643 149 1685 de
172 1643 393 1688 Chilterne
416 1645 656 1686 Dommere
680 1645 828 1687 silicet
860 1659 992 1686 unam
1025 1660 1170 1686 acram
1201 1645 1246 1686 in
1285 1645 1403 1686 Stret
1430 1645 1629 1701 forlange

96 1717 245 1758 Unam
278 1733 422 1760 acram
450 1719 581 1775 juxta
618 1719 865 1774 Langemer
908 1719 1057 1760 Unam
1094 1733 1237 1760 acram
1274 1733 1404 1774 super
1438 1719 1629 1775 Erleyge

96 1790 221 1832 Duas
263 1806 383 1833 acras
415 1793 546 1848 juxta
582 1792 842 1833 Middilmer
880 1792 1030 1833 Unam
1066 1807 1212 1833 acram
1239 1793 1371 1848 juxta
1406 1792 1629 1848 Oppemer

95 1863 243 1906 Unam
274 1880 419 1906 acram
447 1865 577 1921 juxta
612 1865 794 1906 Pratum
822 1865 1070 1906 Hominum
1097 1880 1247 1907 versus
1280 1866 1414 1907 occid.
1478 1866 1628 1907 Unam

93 1952 235 1979 acram
260 1944 303 1979 et
324 1938 547 1979 dimidiam
563 1939 693 1994 juxta
715 1937 1020 1994 Seweyesgore
1044 1938 1193 1980 Unam
1216 1954 1363 1980 acram
1385 1940 1430 1980 in
1453 1940 1626 1996 Lange-

92 2010 221 2052 londe
262 2012 413 2053 Unam
452 2026 597 2053 acram
632 2012 762 2068 juxta
803 2011 1071 2067 Greneweye
1113 2012 1356 2054 Dimidiam
1393 2028 1538 2055 acram
1580 2014 1625 2054 in

91 2083 411 2140 Mertforlange
435 2085 565 2141 juxta
601 2085 834 2125 Fossatum
857 2084 1006 2125 Unam
1036 2099 1181 2126 acram
1214 2100 1345 2141 super
1381 2085 1625 2128 Smalhulle

93 2157 331 2199 Dimidiam
355 2173 501 2199 acram
534 2158 649 2214 prati
677 2158 807 2214 juxta
838 2164 1013 2213 pratum
1047 2158 1237 2200 Galfridi
1270 2159 1323 2201 de
1357 2160 1624 2202 Heunebere

92 2229 240 2271 Unam
273 2231 529 2286 perticatam
565 2231 679 2286 prati
711 2231 756 2271 in
793 2230 928 2271 Prato
965 2230 1018 2271 de
1058 2231 1284 2273 Chilterne
1308 2232 1468 2289 Vagge
1506 2233 1624 2274 Dedi

91 2303 240 2345 estiam
262 2304 376 2346 dicto
396 2304 425 2347 J
430 2304 592 2345 ohanni
614 2304 706 2346 her.
728 2303 797 2346 vel
819 2304 948 2360 assig.
971 2304 1057 2345 suis
1091 2305 1325 2346 Pasturam
1358 2306 1486 2347 unius
1508 2307 1622 2347 Affri

90 2377 220 2418 trium
258 2377 402 2419 Boum
434 2384 619 2434 quatuor
653 2377 900 2419 Vaccarum
934 2383 977 2418 et
1012 2378 1349 2435 quinqueaginta
1380 2380 1622 2421 Bidentum

90 2449 134 2490 in
160 2465 391 2492 communa
412 2457 589 2506 pastura
619 2451 661 2492 in
692 2450 869 2506 Campis
907 2450 960 2491 de
984 2450 1208 2493 Chilterne
1236 2453 1476 2494 Dommere
1499 2453 1620 2495 Hab.

89 2529 131 2563 et
151 2523 261 2565 Ten.
289 2524 483 2579 predicta
513 2524 714 2578 Mesuag.
738 2523 877 2565 Cui-tm
912 2529 954 2564 et
982 2522 1154 2566 Curtilm
1176 2530 1338 2566 terram
1366 2531 1542 2580 pratum
1578 2532 1621 2567 et

90 2602 308 2651 pasturam
337 2612 435 2638 cum
465 2596 602 2639 libero
638 2597 835 2652 ingressu
899 2629 1202 2640 .....
1264 2600 1323 2641 Et
1351 2604 1399 2640 ut
1422 2599 1501 2640 hec
1523 2613 1620 2640 mea

89 2668 266 2711 donacio
304 2685 398 2712 con.
435 2676 478 2711 et
514 2670 831 2712 Warentizatio
874 2671 992 2713 Rata
1033 2677 1076 2713 et
1117 2672 1282 2714 stabilis
1318 2686 1488 2727 semper
1520 2686 1617 2727 per-

89 2743 250 2783 maniat
273 2742 385 2783 hanc
418 2757 530 2798 pres.
559 2757 645 2785 car.
684 2742 826 2798 Sigilli
862 2744 948 2785 mei
979 2745 1249 2800 inprescione
1283 2745 1484 2786 roboravi
1515 2744 1617 2785 Hiis

88 2814 206 2856 Test.
228 2815 332 2858 Johe
354 2816 526 2871 Vagge,
561 2816 666 2858 Johe
694 2816 747 2858 de
772 2816 1025 2869 Dommere,
1057 2818 1163 2861 Johe
1196 2818 1249 2860 de
1272 2818 1473 2867 Miltone,
1496 2817 1616 2859 Luca
