1834 3208
855 283 952 331 115

134 415 248 460 as’tis
269 415 355 458 suis
377 421 451 458 aut
473 414 626 458 saltem
660 414 698 456 ei
729 414 803 470 qui
825 413 1128 456 liberationem
1157 411 1312 454 seisine
1345 411 1445 453 inde
1467 410 1509 451 in
1533 408 1672 452 forma

134 491 245 547 pr’ta
262 489 406 532 debite
421 489 572 531 fecerit
588 488 795 531 solverint
813 487 990 530 solverit
1004 492 1079 528 aut
1094 486 1202 528 solvi
1225 485 1375 528 fecerit
1397 491 1472 526 aut
1493 484 1674 526 fecerint

134 577 232 605 cum
284 562 442 603 affectu
494 562 674 616 Absque
716 574 801 615 qua
837 559 1057 601 solucione
1104 558 1340 613 pre’tarum
1385 555 1676 612 quadraginta

133 635 343 678 librarum
367 635 478 676 sicut
499 633 715 690 prefertur
738 632 851 674 facta
873 632 976 673 dicti
996 631 1184 681 Will’us,
1206 632 1294 681 &c.,
1315 630 1454 671 her'es
1485 636 1560 670 aut
1581 629 1675 670 as'ti

135 709 200 750 sui
223 714 298 750 aut
319 722 468 750 eorum
492 707 647 763 aliquis
663 705 840 762 aliquod
863 704 1063 747 feof’tum
1086 704 1187 745 inde
1205 710 1252 745 ut
1266 703 1531 760 premittitur
1547 701 1675 743 alicui

138 781 351 824 heredum
382 795 580 822 meorum
614 794 702 821 non
735 779 891 820 facient
916 792 994 819 nec
1025 777 1152 819 faciet
1182 776 1272 818 ullo
1306 775 1437 817 modo
1460 774 1545 816 Sed
1570 780 1676 815 tunc

135 854 301 896 feoffati·
318 853 403 895 mei
425 853 550 909 pre’ti
573 852 717 894 he’des
739 858 782 894 et
802 853 899 894 as’ti
920 852 986 894 sui
1008 857 1083 892 aut
1099 865 1251 893 eorum
1268 849 1425 905 aliquis
1442 847 1673 890 feof’ntum

136 927 237 969 inde
258 927 416 968 facient
430 932 504 967 aut
520 926 647 967 faciet
664 926 707 966 in
725 926 852 967 feodo
866 925 1050 981 simplici
1066 924 1129 965 illi
1147 930 1223 965 aut
1239 923 1323 964 illis
1341 922 1414 979 qui
1432 936 1509 978 pro
1526 921 1675 977 hujus—

136 1000 253 1042 modi
276 1000 472 1042 feoff’nto
494 999 596 1041 inde
618 1000 698 1041 sibi
719 1000 893 1041 her'bus
922 1006 965 1040 et
987 998 1102 1040 as’tis
1136 997 1222 1039 suis
1255 996 1453 1052 imper’m
1475 994 1675 1036 habendo

136 1074 373 1115 maximam
396 1074 578 1129 pecunie
601 1088 816 1114 summam
839 1072 1005 1114 solvere
1027 1071 1247 1113 voluerint
1267 1069 1335 1112 vel
1353 1069 1540 1111 voluerit
1561 1067 1676 1109 malo

137 1146 313 1202 ingenio
354 1146 400 1186 in
441 1146 594 1187 eodem
636 1151 862 1187 contractu
906 1145 1078 1200 penitus
1121 1142 1402 1199 proculpulso
1447 1142 1517 1183 Ita
1557 1140 1675 1197 quod

137 1234 286 1262 omnes
320 1218 487 1260 denarii
520 1233 573 1259 ex
602 1217 754 1259 eodem
785 1223 1012 1259 contractu
1049 1223 1092 1258 et
1129 1230 1388 1272 quacunque
1423 1214 1674 1256 venditione

137 1291 238 1333 inde
271 1290 575 1347 provenientes
610 1305 687 1345 per
723 1304 877 1330 manus
911 1289 1126 1330 dictorum
1159 1288 1435 1329 Ballivorum
1471 1292 1547 1328 aut
1581 1300 1676 1327 suc-

138 1379 356 1406 cessorum
407 1378 584 1405 suorum
628 1363 742 1404 dicte
793 1362 895 1405 ville
943 1363 996 1404 de
1038 1361 1350 1403 Yevelchestre
1402 1360 1677 1402 Ballivorum

138 1438 376 1480 aliorumve
413 1437 725 1478 sufficiencium
762 1436 989 1477 hominum
1023 1450 1101 1491 per
1136 1436 1296 1477 bonam
1326 1435 1601 1476 securitatem
1624 1447 1678 1474 ex

137 1517 261 1568 parte
280 1512 474 1567 ipsorum
496 1511 570 1566 qui
591 1511 749 1552 dictam
769 1510 997 1566 pecuniam
1015 1510 1258 1564 receperint
1275 1522 1405 1564 super
1422 1507 1675 1562 recepcione

142 1585 337 1641 ejusdem
371 1584 553 1640 pecunie
580 1583 705 1624 dictis
739 1582 902 1624 Abbati
934 1587 977 1623 et
1011 1581 1155 1623 Priori
1186 1587 1260 1622 aut
1285 1595 1435 1622 eorum
1457 1579 1582 1621 alteri
1605 1578 1680 1634 qui

140 1673 220 1714 pro
261 1664 457 1713 tempore
502 1656 662 1698 fuerint
703 1663 778 1697 aut
821 1656 952 1697 fuerit
985 1655 1228 1696 faciendam
1261 1654 1315 1695 In
1344 1653 1555 1695 auxilium
1588 1666 1679 1693 sus-

140 1730 397 1773 tentacionis
420 1729 633 1770 dictorum
657 1742 900 1784 pauperum
923 1727 997 1783 qui
1028 1742 1107 1782 pro
1129 1734 1326 1782 tempore
1346 1726 1421 1767 illo
1442 1725 1603 1767 ibidem
1626 1724 1681 1765 ad

140 1810 245 1846 tunc
266 1804 357 1845 fore
379 1802 613 1857 contigerit
646 1801 837 1843 totaliter
864 1801 955 1842 sine
987 1801 1139 1843 fraude
1161 1806 1472 1843 convertantur
1496 1798 1679 1841 Proviso

140 1893 310 1934 semper
331 1877 446 1934 quod
468 1876 625 1920 nullus.
637 1876 848 1917 heredum
875 1890 1073 1917 meorum
1095 1889 1175 1916 nec
1196 1874 1351 1930 aliquis
1373 1874 1482 1915 alius
1505 1872 1679 1914 nomine

143 1966 220 1993 suo
242 1957 340 2007 post
362 1956 545 1991 mortem
568 1964 710 1991 meam
732 1949 877 2004 aliquo
910 1955 1108 2004 tempore
1139 1954 1245 1989 tunc
1274 1947 1421 1989 futuro
1441 1948 1484 1988 in
1513 1946 1682 1987 Eadem

142 2029 280 2066 terras
331 2038 406 2065 seu
449 2024 584 2064 ten’ta
624 2036 722 2063 cum
764 2022 895 2076 pert's
938 2035 1077 2076 neque
1127 2021 1171 2061 in
1213 2020 1402 2075 aliquam
1445 2018 1682 2075 parcellam

144 2097 382 2138 eorundem
418 2111 496 2152 per
528 2096 717 2151 aliquem
750 2094 967 2136 defectum
1005 2100 1080 2135 aut
1111 2093 1430 2149 negligenciam
1464 2093 1683 2149 pre’orum

143 2170 379 2212 feof’orum
412 2184 609 2211 meorum
644 2169 820 2210 he'dum
858 2183 933 2210 seu
969 2169 1176 2209 as’torum
1212 2181 1391 2208 suorum
1423 2173 1498 2207 aut
1530 2180 1683 2207 eorum

144 2242 329 2299 alicujus
365 2248 441 2283 aut
484 2241 758 2283 Ballivorum
793 2241 1010 2297 pre’orum
1045 2255 1120 2282 seu
1162 2240 1377 2281 suc'orum
1420 2254 1598 2280 suorum
1639 2238 1684 2278 in

147 2315 467 2373 gubernacione
504 2315 814 2370 premissorum
851 2329 903 2355 ex
941 2328 1200 2369 quacunque
1234 2328 1363 2354 causa
1397 2313 1560 2354 intrare
1587 2327 1684 2368 pre-

146 2394 288 2431 sumat
309 2394 383 2430 aut
407 2389 539 2429 intret
567 2387 795 2429 clamando
827 2386 1002 2442 aliquod
1041 2386 1227 2427 liberum
1262 2388 1449 2427 ten'tum
1471 2400 1546 2426 seu
1571 2385 1685 2441 juris

146 2461 322 2504 titulum
357 2461 546 2517 aliquem
581 2460 681 2502 inde
713 2462 983 2502 Dumtamen
1012 2460 1142 2501 iidem
1178 2459 1365 2500 Feoffati
1400 2458 1580 2500 heredes
1612 2464 1687 2500 aut

150 2535 246 2577 as’ti
266 2535 332 2576 sui
353 2541 428 2576 aut
451 2534 611 2577 Ballivi
635 2534 818 2590 predicti
848 2540 923 2575 aut
951 2548 1101 2575 eorum
1133 2547 1400 2574 successores
1432 2537 1507 2573 aut
1535 2546 1686 2573 eorum

149 2607 305 2663 aliquis
326 2622 404 2663 per
432 2607 486 2649 ad
508 2613 613 2648 tunc
641 2606 847 2648 heredem
869 2620 1013 2647 meum
1036 2606 1081 2646 in
1103 2605 1320 2661 presentia
1341 2605 1428 2645 fide
1450 2604 1686 2658 dignorum

149 2680 421 2736 requisitiaut
453 2680 683 2737 requisitus
716 2680 770 2721 ad
803 2679 1021 2721 defectum
1053 2679 1176 2720 illum
1202 2694 1278 2720 seu
1306 2678 1625 2734 negligenciam
1652 2677 1688 2718 si

150 2753 385 2810 indiguerit
426 2753 571 2796 debite
621 2753 949 2795 reformandum
991 2753 1052 2793 Et
1093 2753 1175 2809 ipsi
1216 2758 1292 2793 aut
1333 2766 1482 2793 eorum
1534 2750 1688 2805 aliquis

149 2826 399 2883 hujusmodi
419 2826 637 2871 defectum
659 2826 772 2869 infra
794 2827 902 2869 duos
931 2841 1067 2869 annos
1101 2832 1199 2882 post
1231 2824 1478 2881 hujusmodi
1511 2824 1690 2879 requisi-
