<?xml version="1.0" encoding="UTF-8"?>
<!DOCTYPE html PUBLIC "-//W3C//DTD XHTML 1.0 Transitional//EN"
    "http://www.w3.org/TR/xhtml1/DTD/xhtml1-transitional.dtd">
<html xmlns="http://www.w3.org/1999/xhtml" xml:lang="en" lang="en">
 <head>
  <title>
</title>
<meta http-equiv="Content-Type" content="text/html;charset=utf-8" />
  <meta name='ocr-system' content='tesseract 3.04.00' />
  <meta name='ocr-capabilities' content='ocr_page ocr_carea ocr_par ocr_line ocrx_word'/>
</head>
<body>
  <div class='ocr_page' id='page_1' title='image "./ilchesteralmshou00buckrich_0107.png"; bbox 0 0 1834 3208; ppageno 0'>
   <div class='ocr_carea' id='block_1_1' title="bbox 871 292 933 340">
    <p class='ocr_par' dir='ltr' id='par_1_1' title="bbox 871 292 933 340">
     <span class='ocr_line' id='line_1_1' title="bbox 871 292 933 340; baseline 0 0"><span class='ocrx_word' id='word_1_1' title='bbox 871 292 933 340; x_wconf 83' lang='lat'>99</span> 
     </span>
    </p>
   </div>
   <div class='ocr_carea' id='block_1_2' title="bbox 135 420 1670 627">
    <p class='ocr_par' dir='ltr' id='par_1_2' title="bbox 135 420 1670 627">
     <span class='ocr_line' id='line_1_2' title="bbox 138 420 1668 481; baseline -0.001 -12"><span class='ocrx_word' id='word_1_2' title='bbox 138 423 428 469; x_wconf 85' lang='lat' dir='ltr'>Haukeforde</span> <span class='ocrx_word' id='word_1_3' title='bbox 449 423 582 468; x_wconf 86' lang='lat' dir='ltr'>Miles</span> <span class='ocrx_word' id='word_1_4' title='bbox 602 424 820 468; x_wconf 87' lang='lat' dir='ltr'>Robertus</span> <span class='ocrx_word' id='word_1_5' title='bbox 840 422 954 467; x_wconf 91' lang='lat' dir='ltr'>Veel</span> <span class='ocrx_word' id='word_1_6' title='bbox 974 422 1096 467; x_wconf 72' lang='lat' dir='ltr'>Johes</span> <span class='ocrx_word' id='word_1_7' title='bbox 1118 420 1386 479; x_wconf 86' lang='lat' dir='ltr'>Fauntleroy</span> <span class='ocrx_word' id='word_1_8' title='bbox 1405 421 1506 480; x_wconf 91' lang='lat' dir='ltr'>jun.</span> <span class='ocrx_word' id='word_1_9' title='bbox 1528 422 1668 481; x_wconf 83' lang='lat' dir='ltr'>Hugo</span> 
     </span>
     <span class='ocr_line' id='line_1_3' title="bbox 136 496 1670 555; baseline -0.001 -13"><span class='ocrx_word' id='word_1_10' title='bbox 136 498 369 543; x_wconf 86' lang='lat' dir='ltr'>Deverelle</span> <span class='ocrx_word' id='word_1_11' title='bbox 384 498 516 542; x_wconf 91' lang='lat' dir='ltr'>Wills</span> <span class='ocrx_word' id='word_1_12' title='bbox 533 497 798 555; x_wconf 86' lang='lat' dir='ltr'>Kyngstone</span> <span class='ocrx_word' id='word_1_13' title='bbox 814 497 1032 540; x_wconf 86' lang='lat' dir='ltr'>Robertus</span> <span class='ocrx_word' id='word_1_14' title='bbox 1047 496 1278 538; x_wconf 90' lang='lat' dir='ltr'>Walsham</span> <span class='ocrx_word' id='word_1_15' title='bbox 1300 496 1490 539; x_wconf 81' lang='lat' dir='ltr'>Thomas</span> <span class='ocrx_word' id='word_1_16' title='bbox 1508 496 1670 541; x_wconf 89' lang='lat' dir='ltr'>Frome</span> 
     </span>
     <span class='ocr_line' id='line_1_4' title="bbox 135 568 1667 627; baseline 0 -14"><span class='ocrx_word' id='word_1_17' title='bbox 135 577 178 613; x_wconf 89' lang='lat' dir='ltr'>et</span> <span class='ocrx_word' id='word_1_18' title='bbox 200 571 318 613; x_wconf 79' lang='lat' dir='ltr'>Ric¹¹⁸</span> <span class='ocrx_word' id='word_1_19' title='bbox 340 570 545 627; x_wconf 85' lang='lat' dir='ltr'>Wrynge</span> <span class='ocrx_word' id='word_1_20' title='bbox 562 569 651 613; x_wconf 83' lang='lat' dir='ltr'>Sal.</span> <span class='ocrx_word' id='word_1_21' title='bbox 672 570 717 611; x_wconf 89' lang='lat' dir='ltr'>in</span> <span class='ocrx_word' id='word_1_22' title='bbox 740 569 860 615; x_wconf 86' lang='lat' dir='ltr'>Dno.</span> <span class='ocrx_word' id='word_1_23' title='bbox 882 568 1107 612; x_wconf 89' lang='lat' dir='ltr'>Noveritis</span> <span class='ocrx_word' id='word_1_24' title='bbox 1128 582 1206 610; x_wconf 90' lang='lat' dir='ltr'>nos</span> <span class='ocrx_word' id='word_1_25' title='bbox 1227 568 1394 610; x_wconf 83' lang='lat' dir='ltr'>dedisse</span> <span class='ocrx_word' id='word_1_26' title='bbox 1440 600 1450 611; x_wconf 92' lang='lat'><strong><em>.</em></strong></span> <span class='ocrx_word' id='word_1_27' title='bbox 1511 600 1523 612; x_wconf 88' lang='lat'><strong>.</strong></span> <span class='ocrx_word' id='word_1_28' title='bbox 1584 602 1594 613; x_wconf 92' lang='lat'><em>.</em></span> <span class='ocrx_word' id='word_1_29' title='bbox 1657 602 1667 613; x_wconf 89' lang='lat'>.</span> 
     </span>
    </p>
   </div>
   <div class='ocr_carea' id='block_1_3' title="bbox 66 639 1672 699">
    <p class='ocr_par' dir='ltr' id='par_1_3' title="bbox 66 639 1672 699">
     <span class='ocr_line' id='line_1_5' title="bbox 66 639 1672 699; baseline -0.001 -13"><span class='ocrx_word' id='word_1_30' title='bbox 66 639 71 645; x_wconf 65' lang='grc'>’</span> <span class='ocrx_word' id='word_1_31' title='bbox 134 643 351 686; x_wconf 88' lang='lat' dir='ltr'>Nicholao</span> <span class='ocrx_word' id='word_1_32' title='bbox 382 643 542 699; x_wconf 88' lang='lat' dir='ltr'>Yonge</span> <span class='ocrx_word' id='word_1_33' title='bbox 577 642 733 685; x_wconf 87' lang='lat' dir='ltr'>clerico</span> <span class='ocrx_word' id='word_1_34' title='bbox 760 641 981 699; x_wconf 84' lang='lat' dir='ltr'>quendam</span> <span class='ocrx_word' id='word_1_35' title='bbox 1011 641 1243 683; x_wconf 82' lang='lat' dir='ltr'>annualem</span> <span class='ocrx_word' id='word_1_36' title='bbox 1273 640 1493 683; x_wconf 89' lang='lat' dir='ltr'>redditum</span> <span class='ocrx_word' id='word_1_37' title='bbox 1513 642 1672 698; x_wconf 83' lang='lat' dir='ltr'>viginti</span> 
     </span>
    </p>
   </div>
   <div class='ocr_carea' id='block_1_4' title="bbox 131 714 1675 1802">
    <p class='ocr_par' dir='ltr' id='par_1_4' title="bbox 131 714 1675 1802">
     <span class='ocr_line' id='line_1_6' title="bbox 133 714 1668 770; baseline 0 -12"><span class='ocrx_word' id='word_1_38' title='bbox 133 722 176 759; x_wconf 85' lang='lat' dir='ltr'>et</span> <span class='ocrx_word' id='word_1_39' title='bbox 197 730 271 758; x_wconf 85' lang='lat' dir='ltr'>sex</span> <span class='ocrx_word' id='word_1_40' title='bbox 293 716 531 758; x_wconf 82' lang='lat' dir='ltr'>solidorum</span> <span class='ocrx_word' id='word_1_41' title='bbox 548 721 592 758; x_wconf 90' lang='lat' dir='ltr'>et</span> <span class='ocrx_word' id='word_1_42' title='bbox 608 721 704 758; x_wconf 86' lang='lat' dir='ltr'>octo</span> <span class='ocrx_word' id='word_1_43' title='bbox 722 715 1000 758; x_wconf 85' lang='lat' dir='ltr'>denariorum</span> <span class='ocrx_word' id='word_1_44' title='bbox 1018 714 1137 757; x_wconf 88' lang='lat' dir='ltr'>Hab.</span> <span class='ocrx_word' id='word_1_45' title='bbox 1155 714 1419 770; x_wconf 89' lang='lat' dir='ltr'>percipiend’</span> <span class='ocrx_word' id='word_1_46' title='bbox 1437 720 1480 756; x_wconf 92' lang='lat' dir='ltr'>et</span> <span class='ocrx_word' id='word_1_47' title='bbox 1496 714 1668 758; x_wconf 88' lang='lat' dir='ltr'>levand&#39;</span> 
     </span>
     <span class='ocr_line' id='line_1_7' title="bbox 131 786 1670 843; baseline 0 -13"><span class='ocrx_word' id='word_1_48' title='bbox 131 788 177 830; x_wconf 92' lang='lat' dir='ltr'>in</span> <span class='ocrx_word' id='word_1_49' title='bbox 198 794 241 831; x_wconf 92' lang='lat' dir='ltr'>et</span> <span class='ocrx_word' id='word_1_50' title='bbox 262 788 315 830; x_wconf 90' lang='lat' dir='ltr'>de</span> <span class='ocrx_word' id='word_1_51' title='bbox 350 788 487 831; x_wconf 91' lang='lat' dir='ltr'>oi’bus</span> <span class='ocrx_word' id='word_1_52' title='bbox 516 788 643 830; x_wconf 90' lang='lat' dir='ltr'>terris</span> <span class='ocrx_word' id='word_1_53' title='bbox 665 788 825 841; x_wconf 87' lang='lat' dir='ltr'>ten’tis,</span> <span class='ocrx_word' id='word_1_54' title='bbox 846 788 935 838; x_wconf 84' lang='lat' dir='ltr'>&amp;c.,</span> <span class='ocrx_word' id='word_1_55' title='bbox 956 787 1113 829; x_wconf 90' lang='lat' dir='ltr'>nostris</span> <span class='ocrx_word' id='word_1_56' title='bbox 1142 787 1242 838; x_wconf 84' lang='lat' dir='ltr'>Que</span> <span class='ocrx_word' id='word_1_57' title='bbox 1268 800 1410 843; x_wconf 86' lang='lat' dir='ltr'>nuper</span> <span class='ocrx_word' id='word_1_58' title='bbox 1437 786 1670 830; x_wconf 89' lang='lat' dir='ltr'>habuimus</span> 
     </span>
     <span class='ocr_line' id='line_1_8' title="bbox 131 862 1670 907; baseline -0.001 0"><span class='ocrx_word' id='word_1_59' title='bbox 131 879 185 907; x_wconf 86' lang='lat' dir='ltr'>ex</span> <span class='ocrx_word' id='word_1_60' title='bbox 230 864 345 906; x_wconf 89' lang='lat' dir='ltr'>dono</span> <span class='ocrx_word' id='word_1_61' title='bbox 387 869 430 906; x_wconf 90' lang='lat' dir='ltr'>et</span> <span class='ocrx_word' id='word_1_62' title='bbox 475 878 664 906; x_wconf 84' lang='lat' dir='ltr'>concess.</span> <span class='ocrx_word' id='word_1_63' title='bbox 708 863 896 906; x_wconf 86' lang='lat' dir='ltr'>Davidis</span> <span class='ocrx_word' id='word_1_64' title='bbox 937 863 1134 905; x_wconf 89' lang='lat' dir='ltr'>Persone</span> <span class='ocrx_word' id='word_1_65' title='bbox 1175 862 1373 905; x_wconf 79' lang='lat' dir='ltr'>Ecclesie</span> <span class='ocrx_word' id='word_1_66' title='bbox 1414 863 1469 906; x_wconf 92' lang='lat' dir='ltr'>de</span> <span class='ocrx_word' id='word_1_67' title='bbox 1511 864 1670 906; x_wconf 90' lang='lat' dir='ltr'>South-</span> 
     </span>
     <span class='ocr_line' id='line_1_9' title="bbox 131 936 1670 993; baseline -0.001 -13"><span class='ocrx_word' id='word_1_68' title='bbox 131 938 348 993; x_wconf 89' lang='lat' dir='ltr'>cadebury</span> <span class='ocrx_word' id='word_1_69' title='bbox 378 937 408 979; x_wconf 87' lang='lat' dir='ltr'><strong>J</strong></span> <span class='ocrx_word' id='word_1_70' title='bbox 413 936 496 979; x_wconf 79' lang='lat' dir='ltr'>Ohis</span> <span class='ocrx_word' id='word_1_71' title='bbox 517 936 739 979; x_wconf 85' lang='lat' dir='ltr'>Venables</span> <span class='ocrx_word' id='word_1_72' title='bbox 774 937 898 980; x_wconf 81' lang='lat' dir='ltr'>Willi</span> <span class='ocrx_word' id='word_1_73' title='bbox 919 937 1121 979; x_wconf 89' lang='lat' dir='ltr'>Pontone</span> <span class='ocrx_word' id='word_1_74' title='bbox 1152 941 1195 979; x_wconf 92' lang='lat' dir='ltr'>et</span> <span class='ocrx_word' id='word_1_75' title='bbox 1223 936 1396 979; x_wconf 90' lang='lat' dir='ltr'>Thome</span> <span class='ocrx_word' id='word_1_76' title='bbox 1432 936 1588 979; x_wconf 88' lang='lat' dir='ltr'>Meere</span> <span class='ocrx_word' id='word_1_77' title='bbox 1624 938 1670 979; x_wconf 90' lang='lat' dir='ltr'>in</span> 
     </span>
     <span class='ocr_line' id='line_1_10' title="bbox 134 1009 1670 1067; baseline 0 -15"><span class='ocrx_word' id='word_1_78' title='bbox 134 1010 432 1067; x_wconf 84' lang='lat' dir='ltr'>Stokelynche</span> <span class='ocrx_word' id='word_1_79' title='bbox 482 1009 689 1067; x_wconf 81' lang='lat' dir='ltr'>Ostryzer</span> <span class='ocrx_word' id='word_1_80' title='bbox 738 1010 784 1051; x_wconf 92' lang='lat' dir='ltr'>in</span> <span class='ocrx_word' id='word_1_81' title='bbox 835 1009 1133 1066; x_wconf 78' lang='lat' dir='ltr'>Stokelynche</span> <span class='ocrx_word' id='word_1_82' title='bbox 1183 1009 1478 1066; x_wconf 87' lang='lat' dir='ltr'>Maudeleyne</span> <span class='ocrx_word' id='word_1_83' title='bbox 1528 1009 1670 1052; x_wconf 90' lang='lat' dir='ltr'>eidem</span> 
     </span>
     <span class='ocr_line' id='line_1_11' title="bbox 133 1082 1670 1140; baseline 0.001 -15"><span class='ocrx_word' id='word_1_84' title='bbox 133 1083 349 1126; x_wconf 88' lang='lat' dir='ltr'>Nicholao</span> <span class='ocrx_word' id='word_1_85' title='bbox 371 1083 556 1125; x_wconf 82' lang='lat' dir='ltr'>durante</span> <span class='ocrx_word' id='word_1_86' title='bbox 576 1084 667 1125; x_wconf 86' lang='lat' dir='ltr'>vita</span> <span class='ocrx_word' id='word_1_87' title='bbox 684 1098 762 1125; x_wconf 89' lang='lat' dir='ltr'>sua</span> <span class='ocrx_word' id='word_1_88' title='bbox 781 1083 837 1124; x_wconf 88' lang='lat' dir='ltr'>ad</span> <span class='ocrx_word' id='word_1_89' title='bbox 858 1088 1046 1139; x_wconf 91' lang='lat' dir='ltr'>quatuor</span> <span class='ocrx_word' id='word_1_90' title='bbox 1062 1082 1166 1124; x_wconf 91' lang='lat' dir='ltr'>anni</span> <span class='ocrx_word' id='word_1_91' title='bbox 1181 1083 1389 1125; x_wconf 86' lang='lat' dir='ltr'>terminos</span> <span class='ocrx_word' id='word_1_92' title='bbox 1408 1083 1670 1140; x_wconf 87' lang='lat' dir='ltr'>principales</span> 
     </span>
     <span class='ocr_line' id='line_1_12' title="bbox 131 1160 1520 1218; baseline 0.001 -15"><span class='ocrx_word' id='word_1_93' title='bbox 131 1161 252 1218; x_wconf 90' lang='lat' dir='ltr'>equis</span> <span class='ocrx_word' id='word_1_94' title='bbox 274 1161 549 1217; x_wconf 86' lang='lat' dir='ltr'>porcionibus</span> <span class='ocrx_word' id='word_1_95' title='bbox 572 1161 634 1203; x_wconf 82' lang='lat' dir='ltr'>Et</span> <span class='ocrx_word' id='word_1_96' title='bbox 654 1161 856 1203; x_wconf 90' lang='lat' dir='ltr'>volumus</span> <span class='ocrx_word' id='word_1_97' title='bbox 878 1166 920 1203; x_wconf 90' lang='lat' dir='ltr'>et</span> <span class='ocrx_word' id='word_1_98' title='bbox 942 1160 1217 1203; x_wconf 87' lang='lat' dir='ltr'>concedimus</span> <span class='ocrx_word' id='word_1_99' title='bbox 1234 1175 1313 1216; x_wconf 88' lang='lat' dir='ltr'>pro</span> <span class='ocrx_word' id='word_1_100' title='bbox 1333 1161 1457 1203; x_wconf 89' lang='lat' dir='ltr'>nobis</span> <span class='ocrx_word' id='word_1_101' title='bbox 1509 1194 1520 1204; x_wconf 91' lang='lat'><em>.</em></span> 
     </span>
     <span class='ocr_line' id='line_1_13' title="bbox 133 1233 1670 1290; baseline 0.001 -13"><span class='ocrx_word' id='word_1_102' title='bbox 133 1234 316 1277; x_wconf 86' lang='lat' dir='ltr'>Proviso</span> <span class='ocrx_word' id='word_1_103' title='bbox 348 1249 520 1290; x_wconf 84' lang='lat' dir='ltr'>semper</span> <span class='ocrx_word' id='word_1_104' title='bbox 554 1234 673 1290; x_wconf 90' lang='lat' dir='ltr'>quod</span> <span class='ocrx_word' id='word_1_105' title='bbox 708 1234 832 1290; x_wconf 73' lang='lat' dir='ltr'>preds</span> <span class='ocrx_word' id='word_1_106' title='bbox 867 1233 1109 1275; x_wconf 89' lang='lat' dir='ltr'>Nicholaus</span> <span class='ocrx_word' id='word_1_107' title='bbox 1144 1248 1232 1276; x_wconf 88' lang='lat' dir='ltr'>non</span> <span class='ocrx_word' id='word_1_108' title='bbox 1264 1233 1555 1290; x_wconf 89' lang='lat' dir='ltr'>implacitabit</span> <span class='ocrx_word' id='word_1_109' title='bbox 1589 1250 1670 1279; x_wconf 84' lang='lat' dir='ltr'>nos</span> 
     </span>
     <span class='ocr_line' id='line_1_14' title="bbox 348 1306 1671 1364; baseline 0.002 -14"><span class='ocrx_word' id='word_1_110' title='bbox 348 1339 359 1350; x_wconf 86' lang='lat'><strong>.</strong></span> <span class='ocrx_word' id='word_1_111' title='bbox 418 1308 464 1348; x_wconf 89' lang='lat' dir='ltr'>in</span> <span class='ocrx_word' id='word_1_112' title='bbox 496 1307 642 1363; x_wconf 89' lang='lat' dir='ltr'>aliqua</span> <span class='ocrx_word' id='word_1_113' title='bbox 664 1307 798 1350; x_wconf 87' lang='lat' dir='ltr'>Curia</span> <span class='ocrx_word' id='word_1_114' title='bbox 834 1306 1017 1349; x_wconf 89' lang='lat' dir='ltr'>Domini</span> <span class='ocrx_word' id='word_1_115' title='bbox 1046 1307 1182 1364; x_wconf 85' lang='lat' dir='ltr'>Regis</span> <span class='ocrx_word' id='word_1_116' title='bbox 1209 1321 1289 1363; x_wconf 88' lang='lat' dir='ltr'>per</span> <span class='ocrx_word' id='word_1_117' title='bbox 1325 1307 1472 1350; x_wconf 86' lang='lat' dir='ltr'>Breve</span> <span class='ocrx_word' id='word_1_118' title='bbox 1504 1308 1557 1351; x_wconf 89' lang='lat' dir='ltr'>de</span> <span class='ocrx_word' id='word_1_119' title='bbox 1593 1324 1671 1352; x_wconf 91' lang='lat' dir='ltr'>an-</span> 
     </span>
     <span class='ocr_line' id='line_1_15' title="bbox 132 1377 1672 1435; baseline 0.001 -15"><span class='ocrx_word' id='word_1_120' title='bbox 132 1384 308 1421; x_wconf 90' lang='lat' dir='ltr'>nuetate</span> <span class='ocrx_word' id='word_1_121' title='bbox 329 1378 496 1421; x_wconf 89' lang='lat' dir='ltr'>ratione</span> <span class='ocrx_word' id='word_1_122' title='bbox 518 1379 621 1420; x_wconf 94' lang='lat' dir='ltr'>doni</span> <span class='ocrx_word' id='word_1_123' title='bbox 653 1393 729 1421; x_wconf 91' lang='lat' dir='ltr'>seu</span> <span class='ocrx_word' id='word_1_124' title='bbox 763 1379 1050 1421; x_wconf 89' lang='lat' dir='ltr'>concessionis</span> <span class='ocrx_word' id='word_1_125' title='bbox 1087 1378 1222 1420; x_wconf 91' lang='lat' dir='ltr'>annui</span> <span class='ocrx_word' id='word_1_126' title='bbox 1256 1377 1452 1420; x_wconf 84' lang='lat' dir='ltr'>redditus</span> <span class='ocrx_word' id='word_1_127' title='bbox 1485 1380 1672 1435; x_wconf 86' lang='lat' dir='ltr'>predicti</span> 
     </span>
     <span class='ocr_line' id='line_1_16' title="bbox 133 1450 1672 1507; baseline 0.001 -13"><span class='ocrx_word' id='word_1_128' title='bbox 133 1466 213 1494; x_wconf 88' lang='lat' dir='ltr'>nec</span> <span class='ocrx_word' id='word_1_129' title='bbox 234 1466 439 1507; x_wconf 87' lang='lat' dir='ltr'>personas</span> <span class='ocrx_word' id='word_1_130' title='bbox 461 1456 631 1493; x_wconf 87' lang='lat' dir='ltr'>nostras</span> <span class='ocrx_word' id='word_1_131' title='bbox 666 1466 746 1507; x_wconf 87' lang='lat' dir='ltr'>pro</span> <span class='ocrx_word' id='word_1_132' title='bbox 783 1450 1003 1507; x_wconf 82' lang='lat' dir='ltr'>premissis</span> <span class='ocrx_word' id='word_1_133' title='bbox 1031 1450 1177 1507; x_wconf 89' lang='lat' dir='ltr'>aliquo</span> <span class='ocrx_word' id='word_1_134' title='bbox 1208 1450 1338 1493; x_wconf 88' lang='lat' dir='ltr'>modo</span> <span class='ocrx_word' id='word_1_135' title='bbox 1373 1452 1571 1494; x_wconf 83' lang='lat' dir='ltr'>onerabit</span> <span class='ocrx_word' id='word_1_136' title='bbox 1591 1467 1672 1495; x_wconf 88' lang='lat' dir='ltr'>nec</span> 
     </span>
     <span class='ocr_line' id='line_1_17' title="bbox 133 1524 1671 1581; baseline 0.001 -14"><span class='ocrx_word' id='word_1_137' title='bbox 133 1525 335 1581; x_wconf 80' lang='lat' dir='ltr'>gravabit</span> <span class='ocrx_word' id='word_1_138' title='bbox 374 1525 419 1565; x_wconf 93' lang='lat' dir='ltr'>in</span> <span class='ocrx_word' id='word_1_139' title='bbox 460 1524 657 1566; x_wconf 85' lang='lat' dir='ltr'>futurum</span> <span class='ocrx_word' id='word_1_140' title='bbox 698 1525 757 1566; x_wconf 91' lang='lat' dir='ltr'>Et</span> <span class='ocrx_word' id='word_1_141' title='bbox 802 1538 881 1566; x_wconf 91' lang='lat' dir='ltr'>nos</span> <span class='ocrx_word' id='word_1_142' title='bbox 929 1524 1057 1580; x_wconf 82' lang='lat' dir='ltr'>pre&#39;ti</span> <span class='ocrx_word' id='word_1_143' title='bbox 1138 1557 1147 1567; x_wconf 91' lang='lat'><em>.</em></span> <span class='ocrx_word' id='word_1_144' title='bbox 1210 1556 1220 1567; x_wconf 90' lang='lat'>.</span> <span class='ocrx_word' id='word_1_145' title='bbox 1284 1557 1293 1567; x_wconf 93' lang='lat'><strong>.</strong></span> <span class='ocrx_word' id='word_1_146' title='bbox 1355 1556 1367 1568; x_wconf 86' lang='lat'><strong>.</strong></span> <span class='ocrx_word' id='word_1_147' title='bbox 1446 1525 1671 1581; x_wconf 86' lang='lat' dir='ltr'>posuimus</span> 
     </span>
     <span class='ocr_line' id='line_1_18' title="bbox 133 1598 1673 1655; baseline 0.001 -16"><span class='ocrx_word' id='word_1_148' title='bbox 133 1598 302 1655; x_wconf 88' lang='lat' dir='ltr'>pred’m</span> <span class='ocrx_word' id='word_1_149' title='bbox 336 1598 498 1640; x_wconf 85' lang='lat' dir='ltr'>Nich&#39;m</span> <span class='ocrx_word' id='word_1_150' title='bbox 528 1598 574 1639; x_wconf 87' lang='lat' dir='ltr'>in</span> <span class='ocrx_word' id='word_1_151' title='bbox 610 1598 786 1654; x_wconf 89' lang='lat' dir='ltr'>plenam</span> <span class='ocrx_word' id='word_1_152' title='bbox 817 1603 860 1639; x_wconf 90' lang='lat' dir='ltr'>et</span> <span class='ocrx_word' id='word_1_153' title='bbox 886 1598 1114 1653; x_wconf 84' lang='lat' dir='ltr'>pacificam</span> <span class='ocrx_word' id='word_1_154' title='bbox 1149 1598 1351 1640; x_wconf 88' lang='lat' dir='ltr'>seisinam</span> <span class='ocrx_word' id='word_1_155' title='bbox 1412 1631 1423 1642; x_wconf 94' lang='lat'>.</span> <span class='ocrx_word' id='word_1_156' title='bbox 1483 1632 1495 1645; x_wconf 77' lang='grc'><em>,</em></span> <span class='ocrx_word' id='word_1_157' title='bbox 1556 1632 1566 1642; x_wconf 91' lang='grc'><strong>.</strong></span> <span class='ocrx_word' id='word_1_158' title='bbox 1626 1599 1673 1640; x_wconf 90' lang='lat' dir='ltr'>in</span> 
     </span>
     <span class='ocr_line' id='line_1_19' title="bbox 133 1671 1675 1729; baseline 0.001 -15"><span class='ocrx_word' id='word_1_159' title='bbox 133 1671 273 1714; x_wconf 87' lang='lat' dir='ltr'>forma</span> <span class='ocrx_word' id='word_1_160' title='bbox 294 1672 443 1728; x_wconf 87' lang='lat' dir='ltr'>pred’a</span> <span class='ocrx_word' id='word_1_161' title='bbox 463 1686 542 1728; x_wconf 91' lang='lat' dir='ltr'>per</span> <span class='ocrx_word' id='word_1_162' title='bbox 563 1671 829 1714; x_wconf 88' lang='lat' dir='ltr'>solucionem</span> <span class='ocrx_word' id='word_1_163' title='bbox 851 1671 980 1713; x_wconf 86' lang='lat' dir='ltr'>unius</span> <span class='ocrx_word' id='word_1_164' title='bbox 1002 1671 1169 1714; x_wconf 87' lang='lat' dir='ltr'>denarii</span> <span class='ocrx_word' id='word_1_165' title='bbox 1192 1672 1391 1728; x_wconf 84' lang='lat' dir='ltr'>impressi</span> <span class='ocrx_word' id='word_1_166' title='bbox 1411 1671 1456 1713; x_wconf 86' lang='lat' dir='ltr'>in</span> <span class='ocrx_word' id='word_1_167' title='bbox 1478 1672 1675 1729; x_wconf 88' lang='lat' dir='ltr'>quolibet</span> 
     </span>
     <span class='ocr_line' id='line_1_20' title="bbox 133 1745 1673 1802; baseline 0.001 -16"><span class='ocrx_word' id='word_1_168' title='bbox 133 1745 276 1801; x_wconf 87' lang='lat' dir='ltr'>sigillo</span> <span class='ocrx_word' id='word_1_169' title='bbox 316 1752 464 1787; x_wconf 92' lang='lat' dir='ltr'>nostro</span> <span class='ocrx_word' id='word_1_170' title='bbox 507 1745 638 1802; x_wconf 90' lang='lat' dir='ltr'>hujus</span> <span class='ocrx_word' id='word_1_171' title='bbox 679 1745 828 1802; x_wconf 89' lang='lat' dir='ltr'>scripti</span> <span class='ocrx_word' id='word_1_172' title='bbox 898 1777 910 1788; x_wconf 78' lang='grc'>,</span> <span class='ocrx_word' id='word_1_173' title='bbox 972 1778 982 1787; x_wconf 93' lang='grc'><strong>.</strong></span> <span class='ocrx_word' id='word_1_174' title='bbox 1044 1778 1056 1788; x_wconf 75' lang='grc'>,</span> <span class='ocrx_word' id='word_1_175' title='bbox 1115 1777 1126 1788; x_wconf 80' lang='lat'><strong>.</strong></span> <span class='ocrx_word' id='word_1_176' title='bbox 1196 1746 1316 1787; x_wconf 88' lang='lat' dir='ltr'>Data</span> <span class='ocrx_word' id='word_1_177' title='bbox 1356 1745 1560 1788; x_wconf 88' lang='lat' dir='ltr'>vicesimo</span> <span class='ocrx_word' id='word_1_178' title='bbox 1602 1746 1673 1789; x_wconf 90' lang='lat' dir='ltr'>die</span> 
     </span>
    </p>
   </div>
   <div class='ocr_carea' id='block_1_5' title="bbox 134 1818 1673 1936">
    <p class='ocr_par' dir='ltr' id='par_1_5' title="bbox 134 1818 1673 1936">
     <span class='ocr_line' id='line_1_21' title="bbox 134 1818 1673 1876; baseline 0.001 -15"><span class='ocrx_word' id='word_1_179' title='bbox 134 1819 397 1862; x_wconf 88' lang='lat' dir='ltr'>Novembris</span> <span class='ocrx_word' id='word_1_180' title='bbox 426 1833 530 1863; x_wconf 84' lang='lat' dir='ltr'>ann.</span> <span class='ocrx_word' id='word_1_181' title='bbox 555 1833 648 1876; x_wconf 83' lang='lat' dir='ltr'>reg.</span> <span class='ocrx_word' id='word_1_182' title='bbox 678 1819 793 1875; x_wconf 80' lang='lat' dir='ltr'>Reg.</span> <span class='ocrx_word' id='word_1_183' title='bbox 822 1818 1007 1861; x_wconf 89' lang='lat' dir='ltr'>Henrici</span> <span class='ocrx_word' id='word_1_184' title='bbox 1031 1818 1189 1870; x_wconf 82' lang='lat' dir='ltr'>Quarti</span> <span class='ocrx_word' id='word_1_185' title='bbox 1219 1824 1318 1875; x_wconf 84' lang='lat' dir='ltr'>post</span> <span class='ocrx_word' id='word_1_186' title='bbox 1352 1826 1495 1876; x_wconf 83' lang='lat' dir='ltr'>conqm</span> <span class='ocrx_word' id='word_1_187' title='bbox 1515 1824 1673 1876; x_wconf 87' lang='lat' dir='ltr'>quarto</span> 
     </span>
     <span class='ocr_line' id='line_1_22' title="bbox 135 1890 316 1936; baseline 0.017 -4"><span class='ocrx_word' id='word_1_188' title='bbox 135 1890 316 1936; x_wconf 82' lang='lat' dir='ltr'>decimo.</span> 
     </span>
    </p>
   </div>
   <div class='ocr_carea' id='block_1_6' title="bbox 135 1963 1675 2168">
    <p class='ocr_par' dir='ltr' id='par_1_6' title="bbox 135 1963 1675 2168">
     <span class='ocr_line' id='line_1_23' title="bbox 194 1963 1674 2021; baseline 0.001 -16"><span class='ocrx_word' id='word_1_189' title='bbox 194 1964 426 2006; x_wconf 88' lang='lat' dir='ltr'>Endorsed</span> <span class='ocrx_word' id='word_1_190' title='bbox 463 1967 615 2021; x_wconf 91' lang='lat' dir='ltr'>(temp.</span> <span class='ocrx_word' id='word_1_191' title='bbox 638 1963 752 2009; x_wconf 82' lang='lat' dir='ltr'>Eliz.</span> <span class='ocrx_word' id='word_1_192' title='bbox 785 1978 837 2006; x_wconf 90' lang='lat' dir='ltr'>or</span> <span class='ocrx_word' id='word_1_193' title='bbox 872 1965 946 2007; x_wconf 85' lang='lat' dir='ltr'>Jas</span> <span class='ocrx_word' id='word_1_194' title='bbox 976 1965 1032 2017; x_wconf 86' lang='lat'>1.)</span> <span class='ocrx_word' id='word_1_195' title='bbox 1070 1963 1204 2007; x_wconf 87' lang='lat' dir='ltr'>Carta</span> <span class='ocrx_word' id='word_1_196' title='bbox 1223 1963 1348 2008; x_wconf 86' lang='lat' dir='ltr'>Willi</span> <span class='ocrx_word' id='word_1_197' title='bbox 1380 1964 1674 2007; x_wconf 84' lang='lat' dir='ltr'>Haukeforde</span> 
     </span>
     <span class='ocr_line' id='line_1_24' title="bbox 136 2036 1675 2093; baseline 0.002 -15"><span class='ocrx_word' id='word_1_198' title='bbox 136 2036 297 2079; x_wconf 85' lang='lat' dir='ltr'>Militis</span> <span class='ocrx_word' id='word_1_199' title='bbox 319 2037 503 2080; x_wconf 87' lang='lat' dir='ltr'>Roberti</span> <span class='ocrx_word' id='word_1_200' title='bbox 524 2037 635 2079; x_wconf 89' lang='lat' dir='ltr'>Veel</span> <span class='ocrx_word' id='word_1_201' title='bbox 661 2043 705 2080; x_wconf 92' lang='lat' dir='ltr'>et</span> <span class='ocrx_word' id='word_1_202' title='bbox 735 2037 921 2080; x_wconf 89' lang='lat' dir='ltr'>aliorum</span> <span class='ocrx_word' id='word_1_203' title='bbox 943 2037 1116 2079; x_wconf 84' lang='lat' dir='ltr'>cuidam</span> <span class='ocrx_word' id='word_1_204' title='bbox 1139 2037 1279 2079; x_wconf 90' lang='lat' dir='ltr'>Nich⁰</span> <span class='ocrx_word' id='word_1_205' title='bbox 1300 2039 1494 2093; x_wconf 86' lang='lat' dir='ltr'>Younge</span> <span class='ocrx_word' id='word_1_206' title='bbox 1516 2038 1675 2081; x_wconf 89' lang='lat' dir='ltr'>clerico</span> 
     </span>
     <span class='ocr_line' id='line_1_25' title="bbox 135 2109 1675 2168; baseline 0.001 -16"><span class='ocrx_word' id='word_1_207' title='bbox 135 2109 190 2152; x_wconf 89' lang='lat' dir='ltr'>de</span> <span class='ocrx_word' id='word_1_208' title='bbox 224 2111 450 2153; x_wconf 87' lang='lat' dir='ltr'>annuitate</span> <span class='ocrx_word' id='word_1_209' title='bbox 470 2111 589 2154; x_wconf 67' lang='lat' dir='ltr'>xxvis</span> <span class='ocrx_word' id='word_1_210' title='bbox 610 2110 702 2153; x_wconf 75' lang='lat' dir='ltr'>viiid</span> <span class='ocrx_word' id='word_1_211' title='bbox 724 2111 770 2153; x_wconf 92' lang='lat' dir='ltr'>in</span> <span class='ocrx_word' id='word_1_212' title='bbox 791 2111 1142 2168; x_wconf 75' lang='lat' dir='ltr'>Southcadbury‚</span> <span class='ocrx_word' id='word_1_213' title='bbox 1164 2110 1461 2161; x_wconf 84' lang='lat' dir='ltr'>Stocklinche‚</span> <span class='ocrx_word' id='word_1_214' title='bbox 1483 2117 1526 2153; x_wconf 90' lang='lat' dir='ltr'>et</span> <span class='ocrx_word' id='word_1_215' title='bbox 1557 2111 1675 2155; x_wconf 88' lang='lat' dir='ltr'>alibi.</span> 
     </span>
    </p>
   </div>
   <div class='ocr_carea' id='block_1_7' title="bbox 768 2206 1036 2211">
    <p class='ocr_par' dir='ltr' id='par_1_7' title="bbox 768 2206 1036 2211">
     <span class='ocr_line' id='line_1_26' title="bbox 768 2206 1036 2211; baseline 0 0"><span class='ocrx_word' id='word_1_216' title='bbox 768 2206 1036 2211; x_wconf 95' lang='lat' dir='ltr'> </span> 
     </span>
    </p>
   </div>
   <div class='ocr_carea' id='block_1_8' title="bbox 135 2248 1676 2656">
    <p class='ocr_par' dir='ltr' id='par_1_8' title="bbox 135 2248 1676 2656">
     <span class='ocr_line' id='line_1_27' title="bbox 248 2248 1675 2301; baseline 0.001 -9"><span class='ocrx_word' id='word_1_217' title='bbox 248 2248 392 2292; x_wconf 78' lang='lat' dir='ltr'>Willm</span> <span class='ocrx_word' id='word_1_218' title='bbox 432 2248 738 2301; x_wconf 87' lang='lat' dir='ltr'>Haukeforde,</span> <span class='ocrx_word' id='word_1_219' title='bbox 778 2250 871 2301; x_wconf 82' lang='lat' dir='ltr'>knt,</span> <span class='ocrx_word' id='word_1_220' title='bbox 913 2249 1084 2292; x_wconf 88' lang='lat' dir='ltr'>Robert</span> <span class='ocrx_word' id='word_1_221' title='bbox 1121 2248 1236 2292; x_wconf 89' lang='lat' dir='ltr'>Veel</span> <span class='ocrx_word' id='word_1_222' title='bbox 1285 2249 1371 2292; x_wconf 87' lang='lat' dir='ltr'>and</span> <span class='ocrx_word' id='word_1_223' title='bbox 1422 2250 1675 2294; x_wconf 88' lang='lat' dir='ltr'>others—to</span> 
     </span>
     <span class='ocr_line' id='line_1_28' title="bbox 136 2320 1675 2379; baseline 0.001 -15"><span class='ocrx_word' id='word_1_224' title='bbox 136 2320 350 2364; x_wconf 88' lang='lat' dir='ltr'>Nicholas</span> <span class='ocrx_word' id='word_1_225' title='bbox 389 2321 564 2378; x_wconf 83' lang='lat' dir='ltr'>Yonge,</span> <span class='ocrx_word' id='word_1_226' title='bbox 603 2322 742 2373; x_wconf 88' lang='lat' dir='ltr'>clerk,</span> <span class='ocrx_word' id='word_1_227' title='bbox 781 2322 849 2365; x_wconf 85' lang='lat' dir='ltr'>for</span> <span class='ocrx_word' id='word_1_228' title='bbox 887 2322 954 2364; x_wconf 86' lang='lat' dir='ltr'>his</span> <span class='ocrx_word' id='word_1_229' title='bbox 996 2322 1173 2365; x_wconf 82' lang='lat' dir='ltr'>life-A</span> <span class='ocrx_word' id='word_1_230' title='bbox 1213 2322 1364 2379; x_wconf 86' lang='lat' dir='ltr'>yearly</span> <span class='ocrx_word' id='word_1_231' title='bbox 1404 2329 1504 2365; x_wconf 89' lang='lat' dir='ltr'>rent</span> <span class='ocrx_word' id='word_1_232' title='bbox 1538 2324 1589 2366; x_wconf 85' lang='lat' dir='ltr'>of</span> <span class='ocrx_word' id='word_1_233' title='bbox 1617 2325 1675 2365; x_wconf 83' lang='lat'>26</span> 
     </span>
     <span class='ocr_line' id='line_1_29' title="bbox 137 2393 1676 2452; baseline 0.004 -17"><span class='ocrx_word' id='word_1_234' title='bbox 137 2393 336 2451; x_wconf 86' lang='lat' dir='ltr'>shillings</span> <span class='ocrx_word' id='word_1_235' title='bbox 358 2395 444 2437; x_wconf 90' lang='lat' dir='ltr'>and</span> <span class='ocrx_word' id='word_1_236' title='bbox 466 2396 491 2437; x_wconf 88' lang='grc'>8</span> <span class='ocrx_word' id='word_1_237' title='bbox 514 2401 755 2452; x_wconf 87' lang='lat' dir='ltr'>pence—to</span> <span class='ocrx_word' id='word_1_238' title='bbox 775 2396 831 2439; x_wconf 90' lang='lat' dir='ltr'>be</span> <span class='ocrx_word' id='word_1_239' title='bbox 847 2396 988 2438; x_wconf 87' lang='lat' dir='ltr'>raised</span> <span class='ocrx_word' id='word_1_240' title='bbox 1009 2401 1086 2439; x_wconf 87' lang='lat' dir='ltr'>out</span> <span class='ocrx_word' id='word_1_241' title='bbox 1101 2395 1152 2438; x_wconf 88' lang='lat' dir='ltr'>of</span> <span class='ocrx_word' id='word_1_242' title='bbox 1165 2395 1225 2438; x_wconf 90' lang='lat' dir='ltr'>all</span> <span class='ocrx_word' id='word_1_243' title='bbox 1241 2396 1316 2438; x_wconf 82' lang='lat' dir='ltr'>the</span> <span class='ocrx_word' id='word_1_244' title='bbox 1332 2395 1458 2437; x_wconf 89' lang='lat' dir='ltr'>lands</span> <span class='ocrx_word' id='word_1_245' title='bbox 1521 2430 1532 2441; x_wconf 88' lang='lat'><strong>.</strong></span> <span class='ocrx_word' id='word_1_246' title='bbox 1591 2431 1602 2443; x_wconf 81' lang='grc'><em>,</em></span> <span class='ocrx_word' id='word_1_247' title='bbox 1664 2430 1676 2441; x_wconf 86' lang='grc'><strong>.</strong></span> 
     </span>
     <span class='ocr_line' id='line_1_30' title="bbox 135 2467 1675 2525; baseline 0.003 -17"><span class='ocrx_word' id='word_1_248' title='bbox 135 2467 277 2509; x_wconf 89' lang='lat' dir='ltr'>which</span> <span class='ocrx_word' id='word_1_249' title='bbox 296 2481 361 2510; x_wconf 88' lang='lat' dir='ltr'>we</span> <span class='ocrx_word' id='word_1_250' title='bbox 381 2467 515 2525; x_wconf 86' lang='lat' dir='ltr'>lately</span> <span class='ocrx_word' id='word_1_251' title='bbox 534 2470 711 2512; x_wconf 90' lang='lat' dir='ltr'>became</span> <span class='ocrx_word' id='word_1_252' title='bbox 733 2469 956 2525; x_wconf 83' lang='lat' dir='ltr'>possessed</span> <span class='ocrx_word' id='word_1_253' title='bbox 977 2468 1028 2512; x_wconf 91' lang='lat' dir='ltr'>of</span> <span class='ocrx_word' id='word_1_254' title='bbox 1044 2470 1103 2525; x_wconf 88' lang='lat' dir='ltr'>by</span> <span class='ocrx_word' id='word_1_255' title='bbox 1124 2474 1257 2525; x_wconf 88' lang='lat' dir='ltr'>grant</span> <span class='ocrx_word' id='word_1_256' title='bbox 1277 2468 1391 2511; x_wconf 87' lang='lat' dir='ltr'>from</span> <span class='ocrx_word' id='word_1_257' title='bbox 1414 2469 1578 2521; x_wconf 86' lang='lat' dir='ltr'>David,</span> <span class='ocrx_word' id='word_1_258' title='bbox 1599 2471 1675 2513; x_wconf 88' lang='lat' dir='ltr'>the</span> 
     </span>
     <span class='ocr_line' id='line_1_31' title="bbox 136 2537 1674 2598; baseline 0.005 -19"><span class='ocrx_word' id='word_1_259' title='bbox 136 2537 307 2581; x_wconf 89' lang='lat' dir='ltr'>Parson</span> <span class='ocrx_word' id='word_1_260' title='bbox 356 2539 407 2582; x_wconf 85' lang='lat' dir='ltr'>of</span> <span class='ocrx_word' id='word_1_261' title='bbox 449 2540 592 2583; x_wconf 87' lang='lat' dir='ltr'>South</span> <span class='ocrx_word' id='word_1_262' title='bbox 633 2540 856 2597; x_wconf 90' lang='lat' dir='ltr'>Cadbury‚</span> <span class='ocrx_word' id='word_1_263' title='bbox 904 2540 993 2583; x_wconf 90' lang='lat' dir='ltr'>and</span> <span class='ocrx_word' id='word_1_264' title='bbox 1033 2541 1202 2593; x_wconf 88' lang='lat' dir='ltr'>others;</span> <span class='ocrx_word' id='word_1_265' title='bbox 1258 2540 1305 2582; x_wconf 90' lang='lat' dir='ltr'>in</span> <span class='ocrx_word' id='word_1_266' title='bbox 1355 2540 1674 2598; x_wconf 79' lang='lat' dir='ltr'>Stokelynehe.</span> 
     </span>
     <span class='ocr_line' id='line_1_32' title="bbox 140 2611 766 2656; baseline 0.003 -2"><span class='ocrx_word' id='word_1_267' title='bbox 140 2611 260 2655; x_wconf 71' lang='lat' dir='ltr'>Novr</span> <span class='ocrx_word' id='word_1_268' title='bbox 289 2613 360 2656; x_wconf 83' lang='lat'>20.</span> <span class='ocrx_word' id='word_1_269' title='bbox 395 2613 500 2655; x_wconf 82' lang='lat' dir='ltr'>14th</span> <span class='ocrx_word' id='word_1_270' title='bbox 536 2613 643 2656; x_wconf 84' lang='lat' dir='ltr'>Heu</span> <span class='ocrx_word' id='word_1_271' title='bbox 680 2612 766 2656; x_wconf 86' lang='lat' dir='ltr'>IV.</span> 
     </span>
    </p>
   </div>
   <div class='ocr_carea' id='block_1_9' title="bbox 257 2762 1678 2885">
    <p class='ocr_par' dir='ltr' id='par_1_9' title="bbox 257 2762 1678 2885">
     <span class='ocr_line' id='line_1_33' title="bbox 302 2762 1520 2822; baseline 0.002 -16"><span class='ocrx_word' id='word_1_272' title='bbox 302 2762 391 2806; x_wconf 91' lang='lat' dir='ltr'>No.</span> <span class='ocrx_word' id='word_1_273' title='bbox 413 2763 509 2807; x_wconf 88' lang='lat'>106.</span> <span class='ocrx_word' id='word_1_274' title='bbox 532 2765 693 2822; x_wconf 87' lang='lat' dir='ltr'>Henry</span> <span class='ocrx_word' id='word_1_275' title='bbox 715 2763 800 2809; x_wconf 89' lang='lat' dir='ltr'>IV.</span> <span class='ocrx_word' id='word_1_276' title='bbox 824 2766 949 2814; x_wconf 84' lang='lat'>1413,</span> <span class='ocrx_word' id='word_1_277' title='bbox 999 2766 1196 2822; x_wconf 91' lang='lat' dir='ltr'>Monday</span> <span class='ocrx_word' id='word_1_278' title='bbox 1217 2767 1328 2809; x_wconf 87' lang='lat' dir='ltr'>after</span> <span class='ocrx_word' id='word_1_279' title='bbox 1349 2767 1379 2809; x_wconf 90' lang='lat' dir='ltr'><strong>J</strong></span> <span class='ocrx_word' id='word_1_280' title='bbox 1383 2774 1458 2808; x_wconf 68' lang='lat' dir='ltr'>any</span> <span class='ocrx_word' id='word_1_281' title='bbox 1478 2767 1520 2809; x_wconf 91' lang='lat'>6.</span> 
     </span>
     <span class='ocr_line' id='line_1_34' title="bbox 257 2835 1678 2885; baseline 0.002 -7"><span class='ocrx_word' id='word_1_282' title='bbox 257 2835 388 2881; x_wconf 90' lang='lat' dir='ltr'>Omn.</span> <span class='ocrx_word' id='word_1_283' title='bbox 428 2838 512 2881; x_wconf 91' lang='lat' dir='ltr'>Xti</span> <span class='ocrx_word' id='word_1_284' title='bbox 551 2838 637 2882; x_wconf 91' lang='lat' dir='ltr'>Fid</span> <span class='ocrx_word' id='word_1_285' title='bbox 715 2872 726 2881; x_wconf 88' lang='lat'><strong>.</strong></span> <span class='ocrx_word' id='word_1_286' title='bbox 789 2873 798 2884; x_wconf 86' lang='lat'><strong>.</strong></span> <span class='ocrx_word' id='word_1_287' title='bbox 860 2873 870 2884; x_wconf 88' lang='grc'>,</span> <span class='ocrx_word' id='word_1_288' title='bbox 931 2872 942 2882; x_wconf 89' lang='grc'>.</span> <span class='ocrx_word' id='word_1_289' title='bbox 1022 2838 1169 2884; x_wconf 68' lang='lat' dir='ltr'>Willus</span> <span class='ocrx_word' id='word_1_290' title='bbox 1212 2839 1503 2885; x_wconf 89' lang='lat' dir='ltr'>Haukeforde</span> <span class='ocrx_word' id='word_1_291' title='bbox 1543 2838 1678 2881; x_wconf 89' lang='lat' dir='ltr'>Miles</span> 
     </span>
    </p>
   </div>
  </div>
 </body>
</html>
