1834 3208
824 288 914 338 135

103 419 434 464 Ffirmariorum
456 419 775 476 prepositorum
794 420 1033 462 tenentium
1054 425 1098 462 et
1119 414 1302 460 aliorum
1320 423 1631 474 occupatorum

100 493 337 536 eorundem
374 508 454 550 pro
489 499 686 550 tempore
708 494 986 536 existentium
1017 493 1070 534 ad
1102 495 1233 535 Festa
1264 492 1448 544 pasche,
1469 493 1557 543 &c.,
1578 491 1633 533 ad

97 567 406 609 inveniendum
442 572 486 609 et
520 567 852 609 sustentandum
888 568 1120 623 imperp'm
1167 566 1221 608 de
1263 564 1416 608 eodem
1459 566 1633 607 redditu

99 640 336 683 secundum
389 640 712 682 ordinacionem
771 646 814 682 et
866 640 1139 683 voluntatem
1202 639 1384 695 predicti
1451 638 1635 680 Roberti

98 713 212 755 Veel
244 712 449 769 Quinque
485 714 540 755 ad
576 714 720 755 minus
752 717 834 756 Sex
870 713 940 756 vel
982 718 1154 769 Septem
1187 727 1401 769 pauperes
1437 712 1634 754 homines

99 786 262 829 debiles
331 787 431 828 enio
472 786 713 828 confractos
759 793 803 829 et
847 787 901 829 ad
943 786 1233 829 laborandum
1278 786 1541 841 impotentes
1589 785 1634 825 in

99 860 287 916 quadam
310 861 455 902 Domo
477 859 531 901 de
551 874 664 902 novo
697 875 775 916 per
805 861 950 916 ipsum
985 861 1229 902 Robertum
1261 859 1373 901 Veel
1409 859 1454 900 in
1482 857 1634 900 Yevil-

100 932 269 974 chestre
291 931 443 987 pred'a
464 946 517 973 ex
540 933 739 988 opposito
769 933 904 974 Porte
942 932 1155 974 Orientali
1190 933 1397 973 Fratrum
1427 930 1634 972 Predica-

98 1011 242 1047 torum
264 1005 423 1047 ibidem
459 1020 539 1061 pro
567 1005 839 1048 habitacione
868 1006 1083 1048 dictorum
1115 1020 1358 1062 pauperum
1383 1010 1634 1046 constructa

99 1085 521 1120 commoraturorum
550 1079 611 1120 Et
646 1079 762 1135 quod
797 1079 932 1135 pred’i
955 1079 1131 1121 Will’us
1166 1078 1340 1128 Poulet,
1373 1079 1462 1129 &c.,
1484 1092 1633 1119 omnes

99 1151 235 1194 dictos
257 1166 470 1207 pauperes
491 1158 534 1193 et
555 1167 705 1194 eorum
727 1152 964 1208 quemlibet
984 1153 1030 1193 in
1063 1152 1214 1194 eadem
1250 1152 1379 1193 domo
1408 1151 1633 1192 caritative

99 1232 443 1267 commoraturos
489 1225 541 1267 de
590 1231 789 1281 tempore
838 1226 882 1267 in
921 1232 1095 1281 tempus
1146 1225 1345 1281 quotiens
1395 1224 1634 1279 indiguerit

100 1297 406 1354 supervideant
428 1303 470 1339 et
505 1299 754 1354 gubernant
793 1298 854 1340 Et
888 1299 923 1340 si
970 1313 1042 1340 eos
1070 1304 1146 1339 aut
1182 1312 1333 1340 eorum
1367 1297 1556 1353 aliquem
1589 1297 1634 1337 in

100 1371 228 1427 culpa
249 1371 363 1412 mala
384 1371 705 1426 gubernacione
726 1377 802 1413 aut
823 1371 993 1413 defectu
1015 1371 1250 1413 existentes
1277 1377 1352 1412 aut
1375 1371 1634 1412 existentem

100 1445 241 1500 primo
282 1443 471 1486 secunda
506 1449 549 1485 et
582 1443 711 1485 tertio
761 1443 907 1486 debite
950 1444 1259 1500 corrigendum
1300 1443 1549 1485 reform’dm
1593 1449 1636 1484 et

100 1517 297 1573 puni’um
329 1517 390 1558 Et
420 1522 575 1572 quarta
605 1517 698 1559 vice
726 1517 761 1558 si
789 1517 1008 1559 noluerint
1027 1517 1097 1559 vel
1119 1516 1308 1558 noluerit
1334 1516 1558 1558 emendari
1579 1516 1634 1557 ab

100 1589 252 1631 eadem
277 1589 423 1630 Domo
444 1588 635 1630 totaliter
664 1588 824 1644 expelli
860 1595 903 1631 et
938 1589 1130 1631 amoveri
1157 1589 1318 1630 faciant
1348 1603 1420 1630 eos
1442 1588 1511 1630 vel
1532 1602 1633 1630 eum

100 1661 161 1702 sic
192 1661 237 1701 in
279 1660 409 1716 culpa
441 1661 674 1702 existentes
708 1661 778 1702 vel
813 1662 1071 1703 existentem
1107 1661 1259 1703 Alium
1292 1661 1362 1704 vel
1395 1661 1501 1703 alios
1538 1661 1633 1703 loco

101 1747 251 1775 eorum
288 1732 356 1775 vel
392 1733 485 1788 ejus
522 1732 683 1774 ibidem
711 1733 765 1774 de
795 1747 909 1775 novo
936 1733 1075 1789 magis
1103 1733 1329 1775 caritative
1362 1733 1551 1789 eligend.
1591 1738 1635 1774 et

100 1805 350 1861 imponend.
388 1804 482 1845 Etsi
514 1805 740 1861 contingat
772 1805 940 1861 pred'm
975 1805 1196 1847 redditum
1233 1812 1329 1847 octo
1362 1805 1574 1847 librarum
1611 1820 1637 1847 a

101 1886 217 1920 retro
236 1877 328 1919 fore
348 1877 392 1918 in
415 1883 539 1933 parte
559 1877 629 1919 vel
664 1877 709 1918 in
730 1884 821 1919 toto
852 1883 950 1933 post
985 1877 1160 1933 aliquod
1196 1878 1376 1919 Festum
1409 1893 1496 1934 quo
1519 1878 1632 1920 solvi

102 1951 257 1992 debeat
282 1950 373 1991 Nos
396 1949 534 2005 pred'i
550 1949 765 2005 Magister
783 1949 943 1990 Ric'us.
963 1950 1051 2000 &c.‚
1072 1949 1273 1990 volumus
1295 1956 1338 1991 et
1359 1949 1636 1991 concedimus

101 2039 177 2080 per
198 2038 311 2079 pres,
335 2023 465 2073 Quod
485 2028 591 2064 tunc
612 2023 720 2064 bene
751 2022 898 2064 licebit
929 2023 1030 2078 pref
1037 2023 1084 2064 'is
1108 2022 1258 2064 Will'o
1285 2023 1456 2076 Poulet,
1479 2024 1568 2074 &c.‚
1588 2023 1634 2064 in

103 2097 261 2153 pred’is
292 2096 495 2138 Manerio
531 2097 657 2138 terris
694 2102 736 2137 et
770 2096 915 2137 ten'tis
951 2111 1050 2137 cum
1083 2095 1247 2152 pert'iis
1280 2096 1443 2137 intrare
1478 2103 1520 2137 et
1553 2111 1633 2151 pro

103 2169 276 2211 redditu
304 2169 363 2210 sic
385 2183 410 2210 a
432 2174 548 2210 retro
578 2169 838 2224 distringere
872 2169 933 2209 Et
970 2168 1260 2210 districtiones
1291 2169 1352 2210 sic
1382 2175 1530 2225 captas
1561 2170 1635 2210 ab·

103 2242 259 2283 ducere
275 2241 427 2297 fugare
443 2247 667 2295 asportare
689 2247 732 2282 et
754 2255 886 2296 penes
903 2255 947 2282 se
964 2241 1151 2282 retinere
1168 2255 1392 2297 quousque
1410 2241 1463 2283 de
1485 2241 1635 2297 pred’o

103 2313 276 2355 redditu
309 2313 384 2354 illo
416 2313 496 2354 sibi
518 2312 712 2368 plenarie
748 2313 879 2355 fuerit
913 2312 1256 2354 satisfactum-et
1284 2314 1555 2369 persolutum
1583 2316 1638 2356 In

104 2386 225 2442 cujus
246 2387 309 2427 rei
329 2386 490 2428 testim.
511 2387 705 2441 pres’bus
727 2386 839 2442 sigil.
871 2391 1020 2428 nostra
1040 2394 1332 2442 apposuerunt
1365 2387 1483 2428 Data
1514 2394 1635 2430 sexto

106 2459 174 2501 die
196 2459 442 2501 Ffebruarii
478 2473 581 2502 ann.
615 2474 707 2515 reg.
745 2460 862 2515 Reg.
899 2459 1109 2501 Edwardi
1139 2459 1297 2509 Quarti
1334 2466 1432 2516 post
1465 2462 1637 2517 conq’m

105 2533 237 2575 Sexto
268 2532 450 2576 decimo.

221 2679 389 2720 Master
411 2678 608 2720 Richard
629 2679 829 2728 Swanne,
852 2678 1004 2721 Canon
1028 2677 1076 2720 of
1092 2679 1167 2721 the
1190 2679 1426 2722 Cathedral
1461 2679 1638 2722 Church

106 2751 156 2793 of
181 2750 338 2801 Wells,
371 2751 457 2792 aud
492 2751 668 2800 others3
700 2758 745 2792 to
784 2750 925 2792 Will¹1¹
960 2751 1133 2802 Poulet,
1165 2751 1254 2803 knt,
1281 2753 1369 2803 &c.‚
1404 2767 1429 2793 a
1471 2753 1642 2795 certain

107 2823 256 2880 yearly
279 2831 377 2866 rent
397 2824 446 2865 of
479 2825 565 2875 3&
602 2823 768 2880 issuing
789 2830 865 2865 out
897 2823 948 2866 of
971 2823 1045 2866 the
1075 2824 1238 2867 Manor
1270 2825 1320 2866 of
1340 2824 1636 2882 Stokelynche
