1834 3208
940 284 999 329 24

200 417 349 472 Philip
384 417 467 458 and
500 417 662 466 James,
698 417 738 457 in
782 415 854 456 the
902 414 993 454 first
1034 426 1136 468 year
1178 411 1227 452 of
1260 411 1334 452 the
1375 411 1497 467 reign
1529 410 1578 452 of
1603 408 1727 463 King

200 489 386 532 Edward
418 504 495 530 son
517 489 567 530 of
592 489 716 544 King
749 486 954 537 Edward.

375 680 460 722 No.
497 682 562 731 16,
594 680 731 730 Edw„
763 680 827 729 ΙΙ,
862 680 983 720 1308.
1044 676 1340 732 Wednesday‚
1372 675 1483 731 May
1517 674 1553 716 Ι.

315 761 489 802 Omnib.
523 760 604 801 Xti
626 760 741 802 fidel.
764 760 818 801 ad
845 774 952 815 quos
989 773 1100 814 pres,
1125 758 1265 812 Scrip.
1298 770 1472 812 perven.
1497 754 1723 796 Robertus

200 838 306 880 Cole
327 838 379 879 de
417 838 651 878 Ivelcestra
673 837 868 878 Salutem
904 837 947 876 in
976 836 1181 877 Domino.
1206 834 1384 876 Noveri.
1407 846 1477 874 me
1508 830 1725 873 remisisse

199 918 456 959 concessisse
478 917 690 958 relaxasse
713 923 755 957 et
791 916 962 971 penitus
992 915 1046 956 de
1075 929 1143 955 me
1175 920 1217 955 et
1249 914 1380 954 herbus
1401 913 1507 954 meis
1529 911 1726 966 quietum

200 996 406 1037 clamasse
440 994 652 1051 inperpet.
679 994 876 1037 Waltero
914 993 1019 1036 Cole
1052 993 1106 1034 de
1141 992 1376 1034 Ivelcestra
1412 1006 1489 1047 pro
1521 990 1725 1045 homagio

201 1076 243 1109 et
265 1068 443 1109 servicio
475 1082 551 1108 suo
573 1074 710 1108 totum
739 1067 812 1122 jus
848 1074 890 1107 et
923 1064 1127 1107 clamium
1161 1065 1276 1121 quod
1318 1064 1449 1105 habui
1480 1063 1549 1104 vel
1581 1062 1726 1118 aliquo

201 1140 330 1181 modo
367 1140 524 1181 habere
557 1139 678 1194 potui
708 1139 775 1180 vel
808 1138 913 1179 mihi
942 1138 1141 1180 accedere
1170 1137 1326 1193 poterit
1355 1137 1396 1176 in
1433 1150 1520 1176 una
1551 1149 1651 1176 acra
1685 1141 1729 1176 et

202 1228 288 1254 uno
305 1213 492 1254 sextario
515 1213 627 1267 prati
649 1213 689 1253 in
732 1212 932 1253 Manerio
966 1212 1018 1252 de
1049 1212 1167 1253 Soke
1189 1212 1364 1266 Deneys
1390 1210 1519 1265 juxta
1542 1207 1726 1250 Ivelces-

200 1293 311 1327 tram
337 1286 433 1335 Que
454 1300 554 1326 acra
567 1286 685 1341 jacet
705 1286 749 1326 in
786 1285 850 1326 La
881 1285 1097 1326 Merische
1124 1285 1237 1325 inter
1269 1290 1441 1339 pratum
1465 1282 1644 1324 Domini
1674 1282 1728 1323 de

202 1358 344 1400 Socke
377 1373 428 1399 ex
461 1366 584 1413 parte
615 1357 747 1399 occid.
785 1364 828 1398 et
864 1357 1047 1398 Pratum
1081 1356 1280 1398 Rectoris
1314 1355 1508 1411 ejusdem
1540 1354 1642 1397 ville
1673 1370 1726 1396 ex

202 1438 325 1486 parte
352 1431 486 1472 orien.
549 1431 606 1472 Et
628 1430 861 1470 sexterium
884 1429 995 1484 prati
1019 1429 1137 1484 jacet
1166 1429 1209 1469 in
1243 1428 1514 1469 Sestermede
1549 1428 1593 1468 in
1617 1427 1724 1468 For-

202 1504 332 1559 lango
365 1503 479 1559 quod
514 1503 759 1558 appellatur
794 1501 1085 1557 Laumphulle
1122 1499 1233 1542 inter
1268 1508 1441 1556 pratum
1474 1501 1639 1542 Prioris
1673 1500 1726 1542 de

202 1577 534 1632 Bermundusye
575 1591 626 1617 ex
669 1591 762 1631 par.
803 1576 912 1618 bori.
953 1581 995 1616 et
1045 1581 1219 1630 pratum
1261 1573 1441 1616 Domini
1480 1574 1533 1615 de
1584 1573 1726 1615 Socke

201 1665 254 1691 ex
296 1665 387 1705 par.
428 1656 538 1690 aust.
601 1647 719 1690 Hab.
761 1656 804 1689 et
837 1648 948 1689 Ten.
985 1647 1140 1702 pred³¹¹¹
1181 1662 1324 1688 acram
1362 1647 1474 1702 prati
1504 1653 1546 1687 et
1568 1646 1726 1702 predum

200 1723 435 1763 sextarium
496 1722 608 1778 prati
672 1736 770 1762 cum
829 1721 915 1761 suis
980 1726 1090 1775 pert⁸
1155 1719 1280 1774 pred⁰
1339 1719 1537 1761 Waltero
1592 1719 1725 1760 herb¹¹⁸

200 1803 243 1837 et
282 1796 409 1851 assig.
451 1796 537 1836 suis
597 1795 650 1835 de
687 1793 957 1849 Capitalibus
1000 1793 1200 1833 Dominis
1244 1792 1380 1833 Feodi
1412 1792 1527 1833 illius
1569 1793 1725 1834 Libere

199 1870 342 1924 quiete
382 1869 549 1924 integre
590 1869 699 1909 bene
736 1874 779 1908 et
827 1867 894 1907 in.
926 1881 1030 1922 pace
1067 1867 1168 1922 jure
1208 1866 1468 1908 hereditario
1509 1866 1724 1921 inperpet.

200 1942 444 1984 Reddendo
478 1949 519 1983 et
555 1941 743 1982 facieneo
766 1940 969 1996 predictis
992 1940 1192 1981 Dominis
1215 1939 1483 1995 Capitalibus
1506 1939 1724 1980 Redditus

200 2029 243 2063 et
263 2023 455 2063 Servicia
475 2022 575 2063 inde
598 2023 743 2063 debita
764 2029 807 2063 et
827 2027 1032 2062 consueta
1053 2020 1111 2061 Et
1132 2034 1212 2075 ego
1229 2035 1331 2061 vero
1348 2020 1487 2061 dictus
1504 2021 1724 2062 Robertus

200 2104 241 2136 et
278 2095 422 2137 hered.
483 2096 568 2135 mei
611 2095 764 2150 predam
800 2108 946 2135 acram
988 2099 1030 2133 et
1064 2092 1312 2132 sextarium
1348 2092 1460 2148 prati
1503 2107 1598 2133 cum
1636 2093 1722 2133 suis

199 2180 309 2229 pertS
331 2173 454 2228 pred⁰
476 2173 616 2214 Walt⁰
640 2179 682 2213 et
703 2172 835 2212 herbus
856 2171 943 2212 suis
974 2177 1016 2211 et
1052 2169 1137 2209 suis
1160 2171 1244 2209 asna
1267 2176 1417 2211 contra
1438 2184 1586 2212 omnes
1608 2186 1721 2213 mor-

199 2244 305 2285 tales
338 2244 637 2285 VVarantizare
678 2244 897 2299 aquietare
930 2250 973 2283 et
1009 2241 1242 2283 defendere
1276 2249 1473 2284 tenemus
1508 2244 1722 2299 inperpet.

200 2315 270 2357 Ita
305 2316 418 2371 quod
457 2331 535 2357 nec
581 2331 663 2371 ego
696 2315 816 2370 predS
851 2316 1070 2357 Robertus
1102 2329 1180 2355 nec
1211 2315 1297 2355 her.
1334 2315 1418 2355 mei
1454 2330 1532 2357 nec
1567 2316 1722 2371 aliquis

199 2388 373 2428 nomine
414 2394 560 2428 nostro
601 2387 763 2442 aliquid
799 2386 910 2442 juris
952 2385 1021 2427 vel
1061 2386 1203 2426 clamii
1244 2401 1372 2426 causa
1411 2386 1721 2442 cujuscumque

199 2464 375 2505 rationis
412 2464 453 2504 in
505 2463 638 2518 predis
683 2479 782 2505 acra
823 2470 865 2504 et
905 2463 1089 2503 sexterio
1126 2463 1235 2518 prati
1267 2463 1433 2504 ratione
1472 2463 1720 2504 hereditatis

199 2535 371 2590 exigere
405 2535 474 2576 vel
508 2535 735 2576 vendicare
772 2537 1008 2590 poterimus
1030 2536 1243 2592 inperpet.
1306 2537 1356 2578 In
1381 2537 1502 2592 cujus
1527 2537 1589 2577 rei
1622 2540 1718 2577 test.

197 2610 297 2652 huic
329 2612 517 2667 presenti
550 2612 692 2667 quiete
723 2611 956 2653 clamancie
992 2612 1194 2668 Sigillum
1230 2629 1375 2655 meum
1406 2614 1586 2670 apposui
1621 2612 1720 2653 Hiis

196 2689 315 2731 Test.
361 2690 553 2743 Hugone
583 2688 637 2729 de
676 2690 908 2745 Draycote,
949 2690 1152 2732 Johanne
1188 2692 1241 2733 de
1270 2692 1508 2742 Chitterne,
1548 2693 1720 2733 Thomu

195 2761 337 2816 Tigel,
357 2762 529 2803 Thoma
565 2761 683 2813 Cole‚
718 2764 889 2805 Thoma
930 2764 970 2806 le
1003 2766 1184 2816 Dezare,
1217 2766 1362 2808 Adam
1397 2766 1516 2817 Cole‚
1548 2767 1720 2810 Simone
