1834 3208
876 265 971 313 108

267 393 432 436 Robert
458 392 562 436 Veel
597 399 641 436 to
663 394 914 437 Alexander
944 395 998 436 de
1024 394 1068 436 la
1099 393 1253 450 Lynde
1288 393 1373 435 and
1401 394 1683 437 others—All

153 480 223 519 my
258 465 382 507 lands
418 466 504 507 and
532 473 776 509 tenements
798 467 939 510 which
962 467 983 507 Ι
1006 466 1139 522 lately
1160 466 1260 507 held
1289 466 1393 507 with
1420 467 1539 510 John
1563 467 1683 509 Lane

154 540 207 593 by
230 545 360 594 grant
392 539 442 581 of
471 540 592 582 John
617 539 894 597 Kyngeston,
915 540 1142 582 otherwise
1170 538 1308 581 called
1335 539 1453 582 John
1490 541 1617 596 Brys,
1637 541 1682 582 in

151 601 464 655 Yevelchester
487 613 573 655 and
597 613 864 656 Northover.
924 614 1030 669 May
1052 614 1093 655 9,
1116 613 1170 653 2d
1194 627 1298 668 year
1319 611 1369 653 of
1390 613 1547 670 Henry
1570 614 1656 657 VI.

1001 696 1025 718 ὓ

361 805 450 847 No.
495 807 589 849 117.
642 807 801 863 Henry
843 807 928 849 VI.
975 808 1098 848 1426.
1161 807 1387 863 February
1433 807 1470 847 1.

279 894 460 937 Om’bus
496 896 579 938 Xti
614 897 697 938 Fid
776 929 786 939 .
849 930 860 941 .
923 929 934 938 .
999 928 1008 938 .
1081 897 1203 939 Johes
1241 896 1507 951 Fauntleroy
1546 895 1683 950 Hugo

151 966 389 1010 Deverelle
410 968 600 1011 Thomas
624 970 784 1012 Frome
813 976 856 1012 et
878 970 995 1011 Ricu⁸
1012 969 1214 1025 Wrynge
1237 968 1325 1011 Sal.
1353 969 1397 1009 in
1429 968 1544 1010 Dno.
1568 968 1682 1010 Cum

150 1038 326 1093 quidam
350 1040 496 1081 Willu⁵
519 1042 701 1097 Martyn
723 1042 838 1083 filius
864 1048 906 1083 et
933 1041 1056 1083 heres
1077 1041 1105 1084 J
1110 1041 1190 1082 011ἰ8
1215 1040 1398 1096 Martyn
1435 1039 1488 1080 de
1525 1038 1682 1080 Stoke-

148 1111 306 1166 lynche
327 1128 466 1169 nuper
486 1115 656 1156 seisitus
675 1115 821 1157 fuisset
838 1117 881 1157 in
903 1115 1135 1157 Doininico
1150 1128 1227 1155 suo
1243 1113 1462 1157 Videlicet
1483 1112 1536 1154 de
1556 1112 1683 1154 feodo

149 1185 203 1227 de
244 1188 371 1228 certis
413 1188 538 1229 terris
579 1195 622 1229 et
663 1189 806 1230 ten’tis
847 1188 892 1229 in
933 1187 1231 1243 Stokelynche
1273 1187 1481 1242 Ostryzer
1520 1185 1683 1227 vocatis

151 1258 408 1301 Hilcombes
441 1261 539 1311 Que
567 1261 706 1302 eidem
740 1260 867 1303 Will⁰
889 1267 930 1302 et
962 1260 1133 1301 her’bus
1168 1259 1256 1300 suis
1283 1260 1384 1315 jure
1420 1257 1683 1300 hereditario

148 1330 468 1374 descendebant
495 1348 572 1389 per
595 1340 778 1376 mortem
809 1332 1001 1388 ejusdem
1026 1332 1055 1373 J
1060 1331 1140 1373 oh¹⁸
1165 1331 1348 1386 Martyn
1372 1330 1506 1386 patris
1531 1330 1597 1371 sui
1620 1330 1682 1371 Et

144 1403 261 1445 idem
283 1405 430 1446 Will¹¹³
451 1406 511 1447 sic
532 1405 632 1447 inde
665 1405 832 1447 scisitus
866 1404 1018 1446 eadem
1052 1411 1188 1445 terras
1217 1409 1259 1444 et
1284 1403 1418 1444 ten’ta
1445 1417 1544 1444 cum
1567 1408 1680 1458 pert⁵

147 1493 225 1533 per
258 1484 421 1520 cartam
443 1494 565 1520 suam
598 1479 786 1520 dedisset
807 1485 849 1520 et
879 1478 1064 1520 conc’set
1087 1476 1248 1519 Davidi
1271 1476 1463 1517 Persone
1485 1475 1680 1516 Ecclesie

145 1551 199 1592 de
240 1551 600 1608 Southcadebury
641 1552 741 1595 Johi
773 1551 996 1593 Venables
1031 1550 1156 1593 Will⁰
1193 1550 1395 1592 Pontone
1431 1558 1474 1589 et
1510 1548 1679 1590 Thome

147 1625 276 1667 Mere
298 1626 470 1668 her’bus
499 1632 542 1667 et
574 1626 702 1682 assig,
738 1625 824 1666 suis
857 1624 1043 1680 imperp.
1065 1623 1244 1664 Virtute
1276 1636 1461 1678 quorum
1497 1621 1598 1663 doni
1636 1628 1679 1663 et

145 1699 300 1740 conc’is
335 1699 466 1741 iidem
500 1699 646 1740 David
681 1698 801 1741 Johes
835 1696 1072 1746 Venables‚
1109 1696 1199 1746 &c.‚
1232 1694 1285 1736 de
1320 1694 1397 1736 tali
1431 1700 1545 1735 statu
1577 1694 1679 1736 inde

143 1772 274 1814 seisiti
296 1773 538 1814 extitissent
566 1774 623 1813 Et
644 1771 773 1813 iidem
792 1769 939 1812 David
959 1770 988 1813 J
993 1769 1080 1811 ohes
1102 1769 1188 1819 ὕεα,
1215 1769 1276 1810 sic
1302 1768 1403 1809 inde
1438 1768 1572 1809 seisiti
1600 1783 1678 1824 per

143 1852 309 1887 cartam
345 1860 468 1888 suam
505 1846 657 1887 eadem
694 1852 832 1886 terras
869 1850 912 1885 et
943 1843 1078 1885 ten’ta
1112 1857 1210 1884 cum
1240 1847 1351 1897 pert⁸
1383 1841 1603 1883 dedissent
1634 1848 1678 1883 et

145 1919 315 1960 conc’nt
357 1919 552 1961 Roberto
584 1918 696 1959 Veel
736 1924 779 1959 et
810 1917 934 1958 nobis
970 1923 1070 1957 ante
1103 1914 1228 1956 dictis
1267 1913 1368 1957 ,1011ἰ
1409 1914 1678 1971 Fauntleroy

147 1992 334 2047 Hugoni
354 1991 522 2033 Thome
551 1991 712 2032 Frome
742 1996 786 2032 et
813 1990 928 2032 Ric0.
961 1989 1029 2030 Ac
1060 1987 1319 2044 quibusdam
1342 1986 1468 2029 Will⁰
1490 1987 1676 2029 Hauke-

142 2066 265 2108 forde
279 2065 414 2108 Militi
428 2064 555 2108 Will⁰
572 2065 836 2121 Kyngstone
850 2070 894 2105 et
907 2063 1101 2104 Roberto
1115 2060 1344 2102 Walsham
1355 2061 1449 2117 jam
1463 2060 1676 2102 defunctis

141 2139 316 2181 her'bus
337 2146 379 2181 et
399 2139 528 2194 assig.
550 2138 709 2179 nostris
740 2138 926 2193 imperp.
958 2141 1087 2191 prout
1113 2135 1157 2175 in
1190 2134 1319 2176 cartis
1352 2133 1508 2189 pred’is
1544 2148 1676 2190 super

143 2212 363 2269 premissis
413 2212 515 2253 inde
565 2210 769 2253 confectis
815 2209 986 2266 plenius
1035 2207 1193 2264 poterit
1243 2221 1454 2262 apparere
1494 2207 1675 2249 Virtute

143 2300 329 2342 quorum
363 2285 465 2326 doni
496 2290 540 2326 et
574 2283 762 2326 conc’nis
801 2282 895 2325 Nos
931 2281 1114 2338 predicti
1134 2280 1254 2323 1011(ΞΒ
1277 2279 1559 2336 Fauntleroy.
1586 2280 1675 2331 &0.,

139 2359 406 2414 conjunctim
428 2372 527 2399 cum
550 2357 700 2399 eodem
734 2356 928 2398 Roberto
951 2354 1061 2396 Veel
1096 2353 1150 2395 de
1171 2360 1214 2395 et
1233 2353 1278 2394 in
1301 2352 1462 2395 eisdem
1484 2353 1610 2395 terris
1632 2360 1675 2395 et

138 2433 283 2475 ten'tis
304 2431 462 2488 pred’is
483 2446 581 2472 cum
604 2436 716 2486 pert⁸
737 2430 782 2471 in
805 2428 1038 2471 Dominico
1059 2434 1206 2469 nostro
1229 2426 1451 2469 Videlicet
1471 2425 1525 2467 de
1546 2426 1673 2468 feodo

140 2506 272 2548 seisiti
306 2505 530 2547 existimus
561 2505 605 2545 in
638 2503 830 2559 presenti
867 2501 1090 2545 Noveritis
1121 2515 1200 2542 nos
1227 2506 1327 2541 ante
1364 2499 1500 2541 dictos
1534 2500 1672 2543 «1011εἴη

138 2579 422 2634 Fauntleroy‚
454 2578 543 2627 &c.,
573 2577 788 2618 remisisse
849 2610 858 2619 .
919 2609 930 2618 .
991 2608 1002 2619 .
1063 2607 1071 2617 .
1135 2574 1330 2615 Roberto
1362 2572 1476 2615 Veel
1509 2573 1670 2614 Totum

128 2654 203 2711 jus
225 2659 423 2695 nostrum
485 2684 496 2698 ,
627 2682 639 2693 .
700 2683 711 2694 ,
771 2650 874 2691 Hiis
903 2649 1021 2693 Test.
1052 2648 1211 2704 Egidio
1235 2647 1480 2702 Dauboney
1501 2646 1670 2689 Thoma

138 2725 449 2781 Beauchampe
490 2723 710 2765 Militibus
747 2722 884 2763 Nich⁰
925 2720 1048 2762 Reed
1088 2719 1217 2762 Will⁰
1254 2718 1416 2761 Poulet
1456 2718 1510 2760 de
1553 2718 1669 2760 Bere

136 2798 391 2842 Alexandro
408 2797 517 2840 dela
532 2796 685 2854 Lynde
704 2795 803 2838 Rico
820 2795 947 2838 More
962 2793 1069 2838 ,10110
1089 2791 1257 2835 Bolour
1271 2791 1399 2833 Will⁰
1422 2791 1668 2834 Muredene
