1834 3208
864 313 890 362 7

110 443 187 483 filii
222 443 439 484 Hei-ward
474 442 743 484 Habendum
777 449 820 484 et
852 442 1109 484 Tenendum
1152 443 1320 484 dictum
1369 443 1643 499 mesuagium

108 530 207 556 cum
229 515 484 570 cartillagiis
507 522 548 556 et
573 515 732 556 dictam
755 522 917 556 terram
946 530 1044 556 cum
1076 522 1201 571 prato
1236 515 1432 571 predicto
1469 522 1512 556 et
1545 530 1646 556 cum

108 589 307 630 omnibus
329 589 422 630 aliis
444 588 721 645 pertinenciis
743 588 866 630 dictis
885 588 1075 630 Radulfo
1106 596 1148 630 et
1179 589 1399 630 Matillide
1413 595 1454 630 et
1478 589 1646 630 heredi-

107 663 186 703 bus
203 663 292 704 suis
314 662 366 704 de
389 662 597 718 predictis
630 662 821 704 Radulfo
854 668 897 704 et
929 662 1153 704 Matillida
1183 662 1377 718 legitime
1410 663 1646 718 procreatis

112 735 186 776 De
218 750 287 777 me
329 742 372 777 et
404 736 634 778 heredibus
671 736 778 777 meis
809 736 899 778 sive
929 736 1037 777 meis
1073 736 1303 792 assignatis
1337 736 1471 777 libere
1502 736 1647 792 quiete

105 810 217 851 bene
258 816 300 851 et
340 810 384 850 in
432 825 538 865 pace
574 810 676 866 jure
712 810 974 852 hereditario
1023 810 1348 866 imperpetuum
1401 810 1646 851 Reddendo

105 882 206 925 inde
249 884 477 925 annuatim
519 884 625 924 mihi
657 893 700 925 et
740 884 975 925 heredibus
1015 884 1122 926 meis
1160 884 1230 925 vel
1265 884 1372 925 meis
1416 884 1647 940 assignatis

106 955 261 997 Unum
295 956 385 997 Par
413 956 630 998 Albarum
663 957 1027 999 Chirothecarum
1064 956 1137 998 vel
1169 971 1306 998 unum
1328 957 1557 997 denarium
1590 956 1645 998 ad

105 1029 322 1071 Pascham
346 1045 424 1085 pro
447 1031 564 1072 omni
586 1031 765 1072 servicio
797 1031 1021 1072 exactione
1052 1037 1095 1072 et
1126 1030 1310 1071 seculari
1333 1030 1551 1071 demanda
1580 1030 1644 1071 Et

103 1103 138 1144 si
166 1103 392 1159 contingat
429 1104 545 1159 quod
582 1104 697 1146 dicta
753 1104 978 1146 Matillida
1016 1104 1108 1145 sine
1145 1103 1305 1145 herede
1338 1103 1392 1144 de
1431 1118 1476 1145 se
1509 1111 1552 1145 et
1593 1104 1647 1146 de

102 1176 298 1233 predicto
323 1176 514 1218 Radulfo
546 1176 741 1232 legitime
772 1182 1002 1232 procreato
1034 1176 1189 1217 obierit
1244 1176 1361 1218 Volo
1384 1183 1427 1218 et
1448 1177 1641 1219 concedo

102 1264 182 1306 pro
203 1256 332 1291 meet
354 1249 584 1292 heredibus
622 1250 729 1292 meis
764 1251 853 1292 sive
887 1250 993 1292 meis
1025 1252 1253 1307 assignatis
1274 1252 1390 1307 quod
1423 1251 1643 1308 predictus

104 1322 322 1365 Radulfus
354 1324 445 1365 sine
477 1323 622 1380 aliqua
654 1324 1001 1366 contradiccione
1034 1325 1192 1366 habeat
1229 1332 1271 1367 et
1306 1332 1453 1366 teneat
1475 1325 1643 1366 dictum

103 1398 375 1453 mesuagium
389 1413 488 1439 cum
506 1397 752 1454 curtillagio
772 1405 815 1439 et
831 1398 992 1440 dictam
1009 1406 1171 1440 terram
1189 1414 1286 1440 cum
1306 1406 1431 1455 prato
1446 1399 1643 1454 predicto

102 1477 146 1511 et
167 1486 266 1512 cum
287 1472 486 1513 omnibus
508 1471 601 1513 aliis
623 1472 899 1528 pertinenciis
921 1488 1000 1528 per
1021 1473 1266 1528 predictum
1289 1473 1519 1514 servicium
1551 1480 1643 1514 toto

102 1549 298 1598 tempore
318 1544 406 1585 vite
437 1559 513 1586 sue
564 1545 634 1586 Ita
665 1545 828 1587 scilicet
859 1546 975 1602 quod
1013 1553 1110 1602 post
1143 1547 1381 1588 terminum
1416 1547 1503 1588 vite
1537 1547 1641 1589 dicti

104 1615 283 1657 Radulfi
331 1616 494 1658 dictum
542 1619 814 1674 mesuagium
852 1633 950 1660 cum
995 1619 1256 1676 Curtillagio
1294 1626 1336 1661 et
1370 1619 1485 1661 dicta
1526 1627 1642 1663 terra

102 1703 200 1730 cum
224 1696 350 1744 prato
372 1689 566 1745 predicto
598 1697 640 1731 et
671 1705 771 1731 cum
803 1691 1003 1732 omnibus
1026 1692 1120 1733 aliis
1153 1693 1431 1748 pertinenciis
1470 1694 1575 1734 mihi
1598 1701 1641 1736 et

101 1761 332 1803 heredibus
349 1762 454 1803 meis
477 1762 566 1804 sive
587 1763 693 1804 meis
716 1763 944 1819 assignatis
981 1764 1072 1805 sine
1104 1764 1252 1820 aliqua
1287 1767 1637 1809 contradiccione

101 1834 311 1876 heredum
343 1850 521 1876 suorum
549 1835 638 1877 sive
671 1850 850 1877 suorum
878 1837 1196 1892 assignatorum
1224 1838 1418 1894 plenarie
1449 1849 1640 1883 revertat

101 1908 199 1964 Ego
221 1923 324 1950 vero
347 1909 486 1950 dictus
507 1909 769 1951 Willielmus
783 1917 826 1951 et
839 1910 1021 1952 heredes
1044 1912 1128 1952 mei
1149 1912 1238 1953 sive
1252 1914 1459 1969 assignati
1474 1915 1636 1956 dictum

100 1983 373 2037 mesuagium
396 1990 438 2025 et
451 1983 610 2024 dictam
625 1991 786 2024 terram
805 1999 904 2025 cum
919 1992 1042 2040 prato
1058 1986 1251 2041 predicto
1266 1994 1308 2028 et
1321 2002 1418 2028 cum
1437 1989 1639 2031 omnibus

101 2055 304 2110 predictis
327 2056 603 2111 pertinenciis
625 2056 749 2097 dictis
773 2056 965 2098 Radulfo
998 2064 1040 2098 et
1072 2058 1296 2101 Matillide
1333 2067 1375 2101 et
1406 2060 1638 2104 heredibus

100 2129 187 2170 suis
237 2129 291 2171 de
331 2129 536 2185 predictis
574 2130 765 2172 Radulfo
807 2137 850 2172 et
884 2131 1106 2173 Matillida
1150 2132 1346 2188 legitime
1397 2138 1635 2190 procreatis

101 2201 267 2244 Contra
297 2218 447 2245 omnes
477 2203 683 2245 mortales
720 2205 830 2245 sicut
860 2205 1102 2260 predictum
1140 2213 1204 2247 est
1238 2207 1638 2251 warantizabimus

101 2277 442 2332 acquietabimus
465 2284 507 2318 et
529 2292 607 2333 per
638 2278 883 2333 predictum
915 2279 1146 2320 servicium
1179 2280 1462 2324 defendemus
1497 2284 1558 2324 Et
1589 2292 1637 2325 ut

99 2350 180 2391 hec
211 2365 308 2392 mea
345 2351 527 2392 donacio
569 2352 785 2393 concessio
835 2359 878 2393 et
911 2353 1123 2408 presentis
1168 2355 1319 2410 scripti
1356 2357 1636 2400 confirmacio

101 2423 325 2466 firmitatis
367 2425 500 2466 robur
542 2425 735 2467 obtineat
782 2426 884 2467 Hoc
915 2441 1094 2482 presens
1142 2428 1362 2484 Scriptum
1399 2430 1637 2474 admodum

100 2497 408 2554 chirographia
438 2498 681 2540 confectum
716 2498 859 2555 Sigilli
890 2500 976 2541 mei
997 2500 1280 2556 impressione
1312 2504 1512 2546 roboravi
1536 2506 1637 2548 Hiis

100 2569 301 2612 Testibus
351 2571 556 2613 Johanne
592 2571 706 2613 Albe
758 2572 956 2628 Hugone
997 2573 1051 2614 de
1092 2574 1134 2615 la
1170 2574 1341 2617 Venele
1391 2577 1636 2621 Willielmo

102 2643 321 2700 Daubeny
383 2644 578 2686 Roberto
628 2645 741 2702 Tryz
799 2645 1024 2702 Stephano
1074 2648 1128 2689 de
1182 2648 1456 2706 Bromlyghe
1513 2652 1638 2695 Will0

102 2714 322 2757 Bbastard
354 2716 597 2759 Willielmo
614 2718 805 2762 Teissun
821 2718 977 2760 clerico
997 2720 1058 2761 Et
1079 2720 1187 2762 aliis.

216 2825 419 2880 William
442 2839 579 2883 Coeul
600 2840 846 2893 (otherwise
867 2841 908 2883 le
932 2841 1053 2895 Keu)
1084 2842 1135 2885 of
1159 2843 1426 2901 Lumynton‚
1448 2847 1569 2903 gives
1590 2856 1635 2891 to
