1834 3208
891 267 986 316 138

183 396 349 439 Eadem
374 396 521 440 Domo
553 397 776 441 caritative
810 402 1151 440 commoraturos
1173 396 1226 439 de
1246 402 1442 454 tempore
1464 398 1508 440 in
1529 402 1700 454 tempus

179 469 383 524 quociens
415 469 651 525 indiguerit
677 470 983 527 supervideant
1008 476 1051 512 et
1085 471 1330 526 gubernent
1358 471 1419 512 Et
1453 471 1488 512 si
1523 485 1595 513 eos
1626 475 1703 512 aut

179 555 329 583 eorum
361 542 550 599 aliquem
586 543 631 584 in
666 543 795 600 culpa
824 544 939 585 mala
970 544 1291 599 gubernacione
1327 550 1402 585 aut
1437 544 1606 586 defectu
1638 543 1703 584 in-

178 615 377 657 venerint
412 616 536 658 Tunc
570 632 685 673 ipsos
721 623 764 659 et
797 632 946 660 eorum
979 617 1215 672 quemlibet
1245 617 1292 658 in
1323 617 1400 658 tali
1427 617 1554 673 culpa
1587 616 1705 657 mala

179 689 501 744 gubernacione
543 697 618 732 aut
659 690 829 732 defectu
870 690 1100 732 existentes
1141 696 1216 732 aut
1265 691 1521 732 existentem
1561 689 1702 746 primo

179 763 369 805 secundo
390 769 434 805 et
465 764 598 806 tercio
631 764 774 806 debite
795 764 1036 820 corrigend’
1067 770 1110 805 et
1130 763 1390 806 reformand'
1423 770 1466 806 et
1497 763 1702 819 puniend’

179 836 243 878 Et
263 843 418 892 quarta
437 837 530 878 vice
566 837 600 878 si
635 837 854 878 noluerint
882 837 953 878 vel
984 837 1173 878 noluerit
1208 837 1429 879 emendari
1464 837 1518 878 ab
1554 837 1705 878 eadem

180 909 329 952 Domo
351 910 542 952 totaliter
564 910 725 966 expelli
758 916 801 952 et
834 910 1065 952 ammoveri
1085 909 1244 951 faciant
1265 925 1337 951 eos
1357 910 1427 952 vel
1456 925 1554 952 cum
1576 910 1637 951 sic
1657 910 1703 951 in

179 981 310 1037 culpa
341 982 574 1024 existentes
606 982 676 1024 vel
711 982 968 1024 existentem
1001 982 1152 1024 Alium
1184 982 1254 1024 vel
1286 982 1391 1024 alios
1423 982 1519 1023 loco
1553 996 1706 1024 eorum

178 1055 250 1097 vel
271 1055 363 1110 ejus
385 1055 546 1098 ibidem
569 1055 622 1097 de
643 1070 756 1097 novo
776 1056 916 1112 magis
938 1055 1161 1097 caritative
1182 1055 1368 1111 eligend’
1390 1061 1434 1097 et
1453 1055 1704 1111 imponend’

180 1128 243 1169 Et
275 1128 453 1184 insuper
489 1128 631 1170 Iidem
670 1127 830 1170 Ballivi
860 1134 902 1170 et
937 1143 1200 1170 successores
1235 1128 1300 1169 sui
1335 1128 1481 1170 omnia
1506 1134 1642 1169 terras
1663 1133 1708 1169 et

179 1202 316 1243 ten'ta
336 1201 486 1257 pred'a
506 1216 605 1243 cum
627 1205 759 1258 pert's
780 1207 872 1243 toto
903 1216 1027 1257 posse
1062 1217 1139 1243 suo
1167 1202 1474 1257 gubernabunt
1495 1216 1544 1243 ac
1566 1201 1706 1243 exitus

184 1280 228 1316 et
268 1275 462 1330 proficua
500 1275 601 1317 inde
641 1275 945 1330 proveniencia
983 1274 1192 1317 levabunt
1224 1281 1267 1317 et
1299 1275 1352 1316 de
1382 1274 1707 1331 recepeionibus

182 1354 226 1390 et
266 1348 557 1391 solucionibus
598 1349 684 1390 suis
719 1349 764 1390 in
797 1349 878 1390 hac
909 1354 1032 1404 parte
1069 1348 1191 1389 factis
1228 1354 1271 1390 et
1302 1348 1461 1390 habitis
1502 1347 1708 1390 Reddant

182 1420 382 1463 Fidelem
416 1421 679 1478 Compotum
715 1435 862 1463 coram
893 1421 1161 1463 Coronatore
1190 1420 1521 1463 Constabulario
1555 1426 1599 1462 et
1633 1434 1707 1461 sex

181 1495 428 1537 hominibus
449 1495 589 1550 magis
620 1495 946 1536 discrecioribus
968 1494 1289 1536 communitatis
1317 1493 1511 1550 ejusdem
1532 1493 1634 1535 ville
1655 1493 1709 1535 de

181 1568 472 1611 Yevilchestr'
506 1568 668 1610 ibidem
703 1567 929 1609 annuatim
955 1567 1001 1608 in
1029 1567 1160 1608 Festo
1187 1567 1450 1608 Animarum
1479 1567 1708 1623 imperp'm

183 1643 241 1684 Et
280 1642 411 1683 iidem
448 1641 612 1683 Ballivi
648 1647 690 1683 et
719 1642 970 1696 Burgenses
1004 1646 1047 1682 et
1082 1655 1347 1682 successores
1382 1640 1447 1682 sui
1483 1655 1536 1682 ex
1570 1641 1707 1682 causis

185 1718 341 1773 pred'is
362 1717 552 1758 habeant
574 1723 616 1757 et
648 1715 888 1771 percipiant
918 1714 972 1755 de
1003 1714 1189 1755 exitibus
1216 1719 1259 1755 et
1290 1714 1494 1769 proficuis
1517 1713 1710 1755 Manerii

182 1800 398 1836 terrarum
433 1796 476 1832 et
508 1791 725 1830 ten'orum
760 1788 975 1842 pre’orum
1008 1787 1238 1828 tresdecim
1271 1787 1429 1828 solidos
1457 1793 1499 1828 et
1523 1794 1710 1843 quatuor

183 1867 381 1910 denarios
398 1863 619 1906 annuatim
644 1862 888 1917 imperp’m.
906 1861 960 1901 In
982 1861 1105 1917 cujus
1127 1861 1187 1902 rei
1208 1861 1366 1903 testim.
1384 1861 1540 1902 Partes
1562 1860 1710 1916 pred'e

183 1941 285 1983 Hiis
327 1937 538 1980 Indent'is
580 1935 703 1991 Sigil,
745 1949 822 1976 sua
863 1934 1111 1975 alternatim
1151 1939 1461 1990 apposuerunt.
1540 1934 1710 1975 Datum

183 2013 440 2057 duodecimo
481 2011 551 2052 die
592 2009 759 2051 Mensis
797 2008 1024 2050 Februarii
1073 2022 1174 2050 ann.
1215 2022 1316 2063 reg.>
1348 2007 1463 2063 Reg.
1502 2007 1709 2049 Edwardi

186 2087 343 2139 Quarti
374 2092 495 2127 sexto
526 2083 707 2124 decimo.

243 2157 489 2207 Endorsed,
510 2162 555 2197 at
570 2156 693 2196 three
709 2154 910 2195 different
925 2153 1065 2204 times,
1081 2153 1125 2194 in
1143 2153 1343 2195 different
1358 2153 1636 2195 hand-writin
1642 2168 1707 2209 gs.

179 2233 313 2274 “The
348 2230 588 2272 Indenture
609 2228 805 2282 showing
837 2227 911 2268 the
943 2241 1040 2267 uses
1067 2225 1117 2267 of
1140 2226 1214 2267 the
1243 2226 1426 2268 Lands''
1458 2230 1482 2249 “
1500 2226 1627 2268 made
1649 2227 1708 2282 by

187 2306 374 2349 Swanne
416 2302 502 2343 and
535 2300 679 2342 others
712 2299 945 2355 according
985 2305 1030 2340 to
1063 2298 1138 2340 the
1171 2298 1266 2339 first
1297 2298 1628 2340 Ffoundation'’
1664 2305 1710 2342 to

186 2379 262 2421 the
296 2375 480 2431 Bailyffs
515 2373 602 2415 and
635 2372 918 2428 Burgesses.'’

304 2517 524 2561 Swanne's
566 2514 807 2556 Indenture
847 2520 891 2555 to
932 2513 1006 2555 the
1049 2512 1219 2554 Bailiffs
1259 2512 1345 2554 and
1388 2513 1628 2569 Burgesses
1668 2513 1719 2556 of

187 2591 411 2634 Ilchester.
475 2588 580 2629 This
622 2587 875 2636 Indenture‚
915 2585 1043 2626 made
1083 2586 1278 2627 between
1320 2585 1488 2627 Master
1517 2586 1712 2629 Richard

187 2665 388 2714 Swanne,
413 2661 564 2704 Canon
586 2660 635 2701 of
649 2660 722 2701 the
745 2657 982 2701 Cathedral
1006 2657 1183 2699 Church
1205 2657 1255 2699 of
1272 2657 1426 2709 Wells,
1448 2658 1535 2710 &c.‚
1560 2674 1616 2700 on
1640 2659 1711 2701 the

187 2753 270 2780 one
292 2743 419 2793 part3
451 2735 536 2777 and
559 2734 728 2775 Robert
763 2731 944 2787 Aughte
980 2730 1066 2772 and
1102 2730 1276 2772 Walter
1295 2730 1440 2782 Wale,
1468 2731 1637 2774 Bailiffs
1667 2731 1719 2774 of

187 2811 262 2852 the
282 2817 398 2852 town
419 2809 469 2851 of
488 2807 798 2856 Yevilchester,
819 2804 904 2847 and
925 2803 999 2846 the
1020 2805 1258 2860 Burgesses
1279 2802 1330 2845 of
1349 2802 1422 2846 the
1443 2818 1560 2847 same
1580 2810 1710 2856 town,
