1834 3208
853 255 949 306 112

135 384 190 428 ad
211 384 497 429 laborandum
517 386 777 443 impotentes
798 387 841 429 in
864 386 1067 438 Quadam
1089 386 1237 430 Domo
1267 387 1321 430 de
1353 399 1466 431 novo
1495 401 1573 445 per
1593 400 1664 431 me

135 459 304 514 pred’m
344 459 587 501 Robertum
620 459 731 501 Veel
767 460 811 502 in
851 459 1162 503 Yevelchestre
1203 474 1255 502 ex
1290 461 1489 517 opposito
1530 461 1664 503 Porte

136 531 371 574 Orientalis
422 532 629 574 Fratrum
673 533 1006 576 Predicatorum
1046 533 1209 575 ibidem
1249 548 1328 589 pro
1371 533 1664 576 Habitacione

135 603 350 646 dictorum
387 604 640 661 Pauperum
674 611 923 648 constructa
946 611 1366 648 commoraturorum
1395 607 1453 648 Et
1482 607 1665 648 alteram

135 680 413 723 medietatem
453 681 611 723 valoris
651 681 751 723 inde
783 688 1040 725 conservent
1070 688 1146 725 aut
1177 688 1404 725 conservet
1430 683 1510 724 sub
1546 682 1666 724 salva

136 753 331 795 custodia
377 752 423 794 in
473 752 695 795 Abbathia
747 753 801 796 de
852 753 1121 811 Muchelnye
1161 760 1237 796 aut
1276 753 1321 795 in
1363 754 1570 796 Prioratu
1611 755 1666 797 de

137 826 390 882 Mountagu
415 841 490 882 per
510 833 681 883 tempus
704 826 947 882 predictum
969 826 1293 869 custodiendam
1314 826 1367 869 ad
1390 827 1512 869 illum
1533 826 1665 869 finem

136 905 179 941 et
199 899 399 941 effectum
421 899 536 955 quod
558 899 688 941 iidem
712 899 888 941 Will'us
916 899 1112 956 Egidius.
1134 900 1208 942 διο.
1270 932 1281 943 .
1344 933 1354 942 .
1417 933 1428 943 .
1486 900 1665 943 heredes

136 979 179 1014 et
214 972 342 1028 assig.
370 972 436 1013 sui
471 978 547 1013 aut
581 986 732 1014 eorum
765 972 920 1028 aliquis
952 972 1203 1028 perquirere
1231 972 1396 1028 possint
1427 978 1502 1014 aut
1534 973 1668 1029 possit

139 1045 385 1088 Licenciam
406 1045 461 1087 de
479 1045 669 1088 Domino
693 1046 815 1102 Rege
838 1052 881 1087 et
897 1045 990 1087 aliis
1007 1046 1243 1087 secundum
1266 1046 1374 1102 legis
1396 1047 1666 1101 exigenciam

136 1119 182 1160 in
223 1134 274 1161 ea
313 1125 436 1175 parte
476 1119 762 1161 necessariam
804 1119 858 1161 ad
900 1119 1263 1161 Amortizandum
1298 1119 1443 1161 omnia
1473 1119 1668 1175 predicta

136 1198 274 1234 terras
294 1198 338 1233 et
358 1192 492 1233 ten’ta
511 1206 609 1233 cum
638 1192 768 1247 pert’s
791 1191 971 1234 Ballivis
993 1191 1174 1233 Domini
1198 1192 1334 1248 Regis
1356 1192 1474 1233 Ville
1506 1207 1581 1234 sue
1613 1192 1667 1234 de

136 1263 449 1306 Yevelchestre
480 1269 523 1306 et
554 1264 869 1305 successoribus
896 1263 982 1305 suis
1016 1263 1200 1305 Ballivis
1233 1264 1556 1320 ejusdem.ville
1588 1265 1667 1305 im·

138 1344 397 1394 perpetuum
420 1337 492 1378 Ad
520 1352 644 1378 usum
673 1337 886 1378 dictorum
918 1351 1160 1393 pauperum
1182 1337 1226 1378 in
1259 1337 1470 1379 auxilium
1500 1344 1667 1379 susten-

137 1411 317 1453 tacionis
337 1410 589 1452 eorumdem
612 1411 878 1466 temporibus
900 1410 1055 1451 futuris
1076 1410 1305 1466 imperpet.
1330 1411 1549 1452 duraturis
1571 1411 1669 1454 Nisi

139 1487 255 1528 dicta
298 1487 585 1528 Amortizatio
624 1501 723 1528 cum
770 1486 886 1528 dicta
934 1486 1072 1527 altera
1110 1486 1342 1528 medietate
1382 1487 1574 1529 exituum
1626 1492 1669 1529 et

138 1559 432 1615 proficuorum
465 1560 712 1615 pred’orum
745 1559 858 1600 infra
891 1558 1007 1600 idem
1041 1564 1212 1615 tempus
1246 1559 1370 1601 citius
1393 1560 1486 1601 fieri
1510 1559 1669 1616 poterit

139 1633 198 1674 Et
220 1633 254 1674 si
276 1639 389 1674 terre
411 1638 454 1674 et
469 1632 601 1674 ten'ta
616 1631 763 1687 pred’a
779 1645 877 1673 cum
896 1631 1026 1687 pert’s
1044 1637 1092 1672 ut
1109 1631 1326 1686 prefertur
1340 1632 1669 1674 Amortizentur

139 1706 269 1756 Quod
292 1721 345 1747 ex
367 1712 471 1748 tunc
501 1705 619 1747 omni
651 1711 847 1761 tempore
871 1711 976 1746 tunc
1008 1704 1154 1746 futuro
1187 1705 1507 1761 imperpetuum
1530 1706 1669 1747 exitus

137 1786 181 1821 et
203 1779 397 1835 proficua
423 1779 477 1821 de
498 1779 623 1820 dictis
644 1779 770 1820 terris
791 1784 834 1819 et
855 1778 998 1820 ten’tis
1029 1778 1333 1833 proveniencia
1354 1778 1408 1820 ad
1431 1793 1557 1820 usum
1580 1778 1668 1820 dic-

138 1857 284 1893 torum
305 1865 546 1906 pauperum
566 1850 724 1892 ibidem
744 1864 821 1906 pro
843 1855 1038 1905 tempore
1055 1849 1337 1891 existencium
1360 1856 1670 1891 convertentur

140 1939 218 1980 per
239 1925 397 1966 bonam
428 1930 471 1965 et
503 1924 734 1965 discretam
766 1922 1132 1979 gubernacionem
1155 1921 1372 1964 dictorum
1395 1922 1669 1965 Ballivorum

140 1998 334 2054 ejusdem
355 1997 457 2039 ville
479 1997 567 2047 Qui
601 1996 776 2052 quidem
803 1995 965 2038 Ballivi
998 2001 1042 2037 et
1077 1999 1348 2037 Successores
1380 1996 1451 2037 Sui
1486 1995 1671 2052 predicti

139 2086 289 2113 omnes
325 2071 461 2113 dictos
494 2085 705 2126 pauperes
733 2076 775 2111 et
807 2084 957 2112 eorum
990 2068 1228 2125 quemlibet
1261 2066 1304 2110 in
1339 2068 1490 2111 eadem
1524 2070 1670 2112 Domo

140 2150 362 2193 caritative
394 2156 736 2192 commoraturos
772 2148 825 2190 de
859 2154 1056 2203 tempore
1088 2147 1132 2188 in
1168 2153 1339 2203 tempus
1371 2148 1569 2204 quotiens
1604 2148 1668 2188 in-

140 2224 327 2280 diguerit
344 2223 650 2279 supet-videant
668 2228 710 2263 et
731 2223 976 2278 gubernent
993 2221 1054 2262 Et
1070 2221 1105 2262 si
1126 2235 1197 2262 eos
1218 2227 1293 2262 aut
1309 2235 1458 2262 eorum
1480 2220 1668 2276 aliquem

140 2297 186 2338 in
213 2297 342 2353 culpa
362 2296 478 2338 mala
508 2296 827 2352 gubernacione
859 2300 934 2336 aut
960 2294 1130 2336 defectu
1158 2294 1403 2336 invenerint
1429 2299 1534 2335 tunc
1554 2293 1669 2356 ipsos

141 2377 184 2413 et
205 2384 357 2413 eorum
383 2370 621 2426 quemlibet
652 2369 695 2409 in
727 2368 803 2409 tali
836 2367 965 2424 culpa
996 2367 1111 2409 mala
1141 2367 1462 2424 gubernacione
1494 2373 1569 2408 aut
1595 2367 1669 2409 de-

141 2445 257 2487 fectu
284 2445 515 2486 existentes
548 2449 623 2484 aut
650 2442 904 2484 existentem
932 2442 1072 2498 primo
1099 2440 1288 2483 secundo
1309 2446 1352 2482 et
1372 2441 1505 2482 tercio
1527 2440 1670 2482 debite

140 2516 448 2572 corrigendum
484 2515 812 2557 reformandum
847 2520 890 2555 et
922 2513 1191 2570 puniendum
1226 2514 1286 2555 Et
1320 2518 1476 2569 quarta
1509 2513 1602 2555 viee
1633 2512 1669 2553 si

141 2589 361 2632 noluerint
399 2587 469 2631 vel
503 2587 692 2629 noluerit
733 2586 955 2629 emendari
994 2586 1067 2627 Ab
1108 2584 1259 2627 eadem
1292 2585 1439 2627 Domo
1479 2584 1670 2627 totaliter

140 2662 299 2719 expelli
321 2668 363 2704 et
379 2660 570 2703 amoveri
596 2659 755 2701 faciant
787 2673 859 2700 eos
891 2658 961 2701 vel
994 2672 1093 2700 eum
1125 2658 1185 2700 sic
1209 2657 1253 2699 in
1288 2657 1417 2713 culpa
1439 2658 1669 2699 existentes

140 2737 208 2778 vel
231 2736 486 2778 existentem
509 2733 633 2775 Alios
656 2732 723 2775 vel
751 2732 884 2774 alium
917 2731 1012 2774 loco
1049 2746 1197 2774 eorum
1218 2731 1288 2773 vel
1312 2731 1405 2787 ejus
1432 2730 1592 2773 ibidem
1614 2731 1667 2772 de

142 2823 253 2852 novo
275 2810 415 2865 majus
448 2807 670 2850 caritative
707 2805 958 2863 eligendum
993 2811 1036 2848 et
1060 2804 1374 2861 imponendum
1410 2804 1470 2846 Et
1490 2804 1666 2860 insuper
