1834 3208
819 285 914 336 123

109 416 273 464 Nover.
295 434 365 463 me
385 417 613 462 tradidisse
658 450 667 461 .
728 451 738 463 .
798 451 809 463 .
870 452 881 461 .
925 417 1054 460 Will0
1078 416 1283 459 Neutone
1305 431 1440 458 unum
1463 415 1634 472 burg’m

103 509 202 537 oum
224 500 355 550 perts„
374 494 419 534 in
439 492 753 534 Yevelohestre
774 492 900 536 situa.
934 492 1049 533 inter
1084 491 1267 532 ten’tum
1292 489 1413 531 Willi
1435 490 1547 531 Trut
1581 504 1635 531 ex

105 582 197 624 par,
219 582 306 609 una
328 567 390 608 Et
410 569 593 608 ten’tum
615 565 732 621 quod
762 565 872 607 Th0⁸
895 564 1134 607 Faukoner
1156 563 1285 605 modo
1318 569 1437 605 tenet
1471 578 1523 604 ex
1559 577 1637 618 par

104 640 242 682 altera
262 640 393 690 Quod
416 639 591 695 quidem
613 638 784 695 burg'm
806 639 920 680 idem
946 637 1091 679 Willus
1120 651 1259 693 nuper
1288 637 1441 679 habuit
1463 652 1515 678 ex
1538 650 1638 677 eon-

104 728 210 756 cess.
232 713 374 755 Marci
394 712 642 768 Whyttoke
660 711 796 767 Cujus
813 712 949 753 eciam
970 711 1127 766 burg'ii
1144 711 1260 751 idem
1276 709 1453 753 Will’us
1475 716 1638 750 statum

104 801 232 828 suum
254 786 385 828 miehi
406 785 574 842 prefato
595 785 787 827 Roberto
808 785 1019 826 concessit
1039 790 1083 826 et
1111 798 1283 825 sursum
1305 783 1495 825 reddidit
1519 783 1638 824 Hab.

105 865 149 901 et
167 859 261 901 Ten
313 891 321 900 .
383 891 394 901 .
455 890 466 900 .
525 888 535 897 .
597 858 651 898 In
672 858 797 913 cujus
817 857 880 898 rei
901 857 1059 899 testim.
1086 856 1177 897 Uni
1199 856 1313 911 parti
1334 856 1464 912 hujus
1484 855 1636 911 scripti

105 946 236 988 penes
277 931 492 987 prefatum
533 931 735 974 Will'um
777 929 1020 971 remanenti
1069 929 1166 984 Ego
1207 928 1372 984 pref'us
1416 928 1636 970 Robertus

105 1005 310 1060 Sigillum
331 1019 477 1045 meum
499 1003 680 1059 apposui
701 1003 844 1044 Alteri
870 1017 972 1044 vero
1000 1002 1113 1057 parti
1143 1001 1272 1057 hujus
1305 1000 1467 1056 Scripti
1503 1015 1637 1057 penes

104 1093 175 1119 me
197 1077 386 1133 pref’um
408 1078 650 1119 Robertum
671 1076 915 1117 remanenti
937 1075 1061 1116 Idem
1084 1074 1260 1117 Will’us
1283 1074 1487 1127 Sigillum
1510 1089 1637 1115 suum

104 1150 306 1206 apposuit
332 1150 433 1191 Hiis
459 1149 575 1190 Test.
595 1149 625 1191 J
628 1148 723 1190 oh’e
746 1148 990 1203 Chepman‚
1018 1148 1047 1190 J
1051 1147 1146 1188 oh’e
1174 1146 1426 1197 Glainville,
1456 1146 1640 1188 Ballivis

104 1223 206 1266 ville
226 1223 280 1264 de
300 1222 624 1272 Yevelehestre,
645 1221 795 1262 Will'o
818 1220 1044 1269 Balsham,
1067 1219 1212 1261 David
1238 1219 1413 1269 Hawes,
1435 1219 1638 1260 Waltero

106 1295 312 1337 Boucher
341 1296 510 1337 Datum
540 1293 610 1335 die
642 1293 768 1334 Lune
797 1307 920 1349 prox.
944 1298 1041 1348 post
1064 1292 1181 1334 Fest.
1207 1291 1526 1333 Decollaeionis
1558 1293 1643 1333 S'oi

104 1369 134 1413 J
138 1369 242 1410 oh’is
287 1368 484 1423 Baptiste
524 1381 626 1409 ann.
665 1381 758 1422 reg.
809 1366 920 1422 Reg.
964 1365 1149 1408 Henrioi
1191 1364 1313 1407 Sexti
1355 1371 1452 1421 post
1498 1369 1642 1421 oonqm

107 1441 271 1499 Anglie
301 1442 450 1483 Sexto.

221 1606 389 1648 Robert
403 1604 516 1647 Veel
536 1610 581 1647 to
603 1604 745 1646 Willm
763 1604 982 1654 Nemone,
995 1618 1020 1645 a
1035 1604 1230 1659 burgage
1252 1603 1297 1645 in
1313 1602 1641 1656 Yevelohester,

109 1677 318 1734 formerly
353 1677 591 1733 belonging
625 1683 669 1719 to
708 1677 887 1719 Marcus
924 1676 1174 1732 Whyttoke
1240 1708 1250 1719 .
1312 1709 1322 1719 .
1383 1709 1393 1720 .
1456 1711 1467 1722 .
1525 1679 1647 1721 John

110 1752 353 1808 Chepman,
372 1751 493 1794 John
515 1750 766 1800 Glainville,
790 1750 960 1791 Bailiffs
981 1750 1032 1791 of
1047 1751 1367 1793 Yevelehester
1420 1784 1429 1794 .
1492 1785 1502 1796 .

111 1825 310 1881 Monday
332 1824 441 1866 after
462 1824 535 1865 the
559 1825 690 1866 Feast
712 1824 761 1866 of
774 1824 849 1866 the
871 1823 1129 1880 Beheading
1151 1824 1201 1866 of
1215 1824 1280 1867 St.
1299 1825 1418 1868 John
1450 1826 1642 1882 Baptist.

110 1897 188 1939 6th
218 1912 338 1954 year·
353 1897 402 1939 of
428 1897 586 1954 Henry
618 1898 705 1942 VI.

213 2085 300 2129 No.
335 2087 431 2130 128.
463 2087 621 2143 Henry
650 2086 735 2130 VI.
771 2088 895 2129 1429.
956 2086 1172 2144 Saturday
1203 2086 1314 2130 after
1345 2088 1455 2131 Jany
1489 2089 1554 2131 13.

225 2169 272 2211 N
276 2170 444 2211 overint
483 2169 690 2212 Universi
728 2184 805 2225 per
841 2175 1062 2224 presentes
1100 2184 1169 2212 me
1207 2171 1480 2226 Stephanum
1517 2171 1650 2213 Isaak

110 2240 215 2282 alias
240 2248 438 2284 vocatum
476 2242 749 2298 Stephanum
788 2243 927 2285 Hulle
949 2243 1177 2286 vicarium
1215 2244 1409 2286 Ecclesie
1445 2245 1498 2286 de
1519 2245 1650 2287 Tolre

113 2313 354 2355 Porcorum
376 2314 421 2354 in
443 2313 566 2356 Com.
591 2314 768 2358 Dorset.
790 2315 1047 2357 Attornasse
1075 2316 1347 2358 constituisse
1370 2323 1413 2358 et
1436 2317 1531 2359 loeo
1553 2333 1650 2360 meo

112 2386 303 2441 posuisse
342 2386 522 2428 dilectos
565 2387 696 2428 miehi
747 2387 991 2429 Ricardum
1044 2388 1174 2430 Slade
1214 2388 1360 2431 David
1405 2390 1566 2432 Hawes
1607 2397 1650 2432 et

115 2459 360 2501 Henrieum
384 2461 564 2516 Martyn
587 2461 699 2516 conj.
722 2467 764 2502 et
786 2460 871 2503 div.
895 2460 949 2502 ad
971 2460 1152 2502 lib’dum
1184 2476 1262 2516 pro
1294 2477 1363 2504 me
1399 2469 1441 2505 et
1475 2464 1651 2506 nomine

112 2545 208 2573 meo
231 2531 382 2573 Will’o
415 2532 658 2582 Boneville‚
682 2532 842 2587 Egidio
862 2533 1121 2589 Daubeney,
1141 2533 1308 2575 Thome
1328 2535 1652 2591 Beauchampe‚

116 2603 334 2645 Militibus
355 2604 473 2646 Joh’i
496 2605 732 2645 Stourtone
754 2604 1007 2646 Alexandro
1029 2605 1082 2646 de
1103 2605 1146 2646 la
1164 2606 1330 2662 Lynde,
1348 2607 1510 2649 Rob’to
1526 2609 1652 2658 Veel‚

114 2676 271 2718 Nich’o
294 2677 469 2731 Yonge‚
491 2677 626 2728 orico,
648 2678 766 2720 Joh’i
791 2678 931 2730 Beoff,
952 2678 1071 2720 Joh’i
1093 2678 1310 2735 Gregory,
1326 2680 1443 2723 Joh’i
1466 2681 1652 2735 Bolour,

116 2748 300 2790 Edw’do
324 2749 542 2801 Coleford‚
562 2751 681 2792 Joh’i
714 2751 865 2800 Baret‚
886 2752 1005 2793 Joh'i
1038 2751 1255 2803 Guldene,
1289 2753 1474 2808 Hugoni
1512 2753 1654 2804 Kene,

114 2820 267 2863 Will’o
289 2821 465 2873 Shourt,
489 2823 683 2865 Hem-ico
713 2824 846 2879 Grey,
876 2824 995 2867 Joh’i
1030 2825 1331 2881 Pupelpenne,
1365 2826 1486 2868 Rio'o
1516 2827 1652 2878 Serle,
