1834 3208
860 286 955 335 101

138 419 195 476 by
226 417 300 461 the
330 416 412 475 gift
447 418 498 461 of
524 416 668 460 Willm
689 417 868 475 Martyn
896 431 974 459 son
1006 417 1057 460 of
1080 417 1201 461 John
1222 417 1406 475 Martyn
1434 417 1484 460 of
1509 417 1669 462 South-

137 492 358 548 eadbury3
380 492 466 533 and
487 491 629 533 which
650 497 857 547 property
877 491 952 532 the
979 491 1071 532 said
1106 491 1227 534 John
1251 491 1435 548 Martyn
1462 491 1669 548 formerly

135 564 263 606 made
284 578 388 606 over
408 569 453 605 to
474 562 649 605 Walter
670 562 861 618 Clopton
882 562 969 604 and
992 563 1128 604 Edith
1153 563 1219 604 his
1242 563 1351 613 wife,
1373 564 1535 620 during
1555 564 1670 606 their

131 635 253 679 lives.
311 637 380 678 To
401 636 512 678 have
583 667 594 676 .
654 667 664 678 .
727 667 736 677 .
811 636 867 691 by
890 635 1055 691 paying
1075 636 1278 677 thereout
1301 636 1451 692 yearly
1472 642 1518 678 to
1541 651 1590 678 us
1611 637 1669 677 46

133 709 333 765 shillings
348 709 435 751 and
451 710 477 750 8
494 723 644 765 peuce,
659 708 704 750 in
722 708 946 764 quarterly
961 708 1251 751 instalments.
1283 709 1346 750 At
1360 708 1670 765 Stokelynche,

133 796 190 824 on
212 781 413 839 Monday
433 787 540 825 next
560 781 671 823 after
691 782 766 823 the
789 781 994 823 Feastof
1007 796 1086 823 our
1108 781 1262 823 Lord’s
1286 781 1539 838 Epiphany.

392 913 483 956 No.
516 914 612 956 107.
643 914 801 969 Henry
831 914 968 956 Fifth.
1002 915 1126 956 1416,
1187 913 1349 956 March
1379 915 1421 956 5.

249 985 351 1028 Ηο0
381 985 626 1027 Indentura
652 986 791 1027 Facta
825 986 942 1042 apud
974 985 1270 1043 Stokelynche
1303 985 1596 1043 Mandeleyne
1625 986 1670 1028 in

53 1069 71 1077 '¹
135 1059 358 1102 comitatu
394 1059 656 1101 Somersetie
692 1059 860 1111 Quinto
902 1059 970 1100 die
1004 1060 1163 1101 Marcii
1199 1060 1333 1101 Anno
1372 1059 1497 1115 regni
1534 1059 1671 1115 Regis

133 1132 320 1174 Henrici
343 1132 497 1182 Quinti
524 1138 623 1188 post
650 1137 935 1188 conquestum
956 1132 1110 1174 Tercio
1141 1133 1266 1174 Inter
1292 1132 1549 1174 Alianoram
1572 1132 1671 1182 Que

132 1204 214 1246 fuit
234 1219 345 1247 uxor
365 1204 557 1246 Walteri
579 1204 795 1260 Cloptone
817 1204 978 1246 Militis
999 1220 1052 1246 ex
1071 1212 1195 1261 parte
1217 1219 1304 1247 una
1320 1205 1382 1246 Et
1404 1204 1672 1247 Nicholaum

131 1278 294 1334 Yonge
337 1277 556 1328 clericum,
598 1277 845 1320 Robertum
881 1277 994 1319 Veel
1032 1278 1260 1329 seniorem,
1301 1284 1344 1320 et
1380 1277 1672 1319 Willielmum

132 1350 397 1407 Kyngstone
433 1366 487 1393 ex
527 1350 667 1392 altera
702 1356 827 1406 parte
866 1350 1072 1393 Testatur
1106 1351 1237 1402 Quod
1274 1350 1426 1393 eadem
1459 1350 1673 1393 Alianora

132 1424 314 1466 tradidit
355 1424 565 1466 concessit
596 1430 638 1466 et
674 1424 867 1480 presenti
903 1424 1150 1466 Indentura
1185 1424 1462 1467 confirmavit
1493 1424 1672 1480 prefatis

132 1497 350 1540 Nicholao
372 1497 568 1540 Roberto
591 1503 634 1539 et
655 1497 783 1540 Will0
804 1497 951 1539 omnia
970 1503 1108 1539 terras
1130 1504 1173 1539 et
1194 1504 1353 1540 tenem.
1377 1512 1455 1539 sua
1475 1497 1673 1539 redditus

131 1576 175 1612 et
195 1571 375 1613 servicia
395 1586 496 1613 cum
531 1570 619 1612 suis
647 1576 759 1626 perts
783 1571 881 1620 Que
913 1571 1053 1612 eidem
1085 1571 1295 1613 Alianore
1316 1585 1457 1626 nuper
1489 1569 1673 1612 liberata

130 1650 175 1686 et
209 1644 430 1699 assignata
460 1644 638 1685 fuerunt
672 1644 718 1684 in
750 1643 897 1686 dotem
930 1658 983 1685 ex
1020 1644 1248 1686 dotacione
1277 1643 1462 1700 predicti
1481 1643 1673 1687 Walteri

129 1731 271 1772 nuper
292 1716 372 1759 viri
394 1717 458 1758 sui
480 1717 525 1757 in
546 1715 844 1771 Stokelynche
866 1715 1062 1772 predicta
1083 1716 1204 1758 Hab.
1227 1722 1270 1758 et
1290 1717 1384 1758 Ten
1445 1749 1455 1758 .
1518 1749 1529 1760 .
1588 1748 1599 1758 .
1661 1749 1672 1763 ‚

129 1789 374 1831 Reddendo
406 1789 508 1831 inde
547 1789 774 1831 annuatim
807 1789 949 1830 eidem
992 1788 1202 1831 Alianore
1238 1789 1425 1831 durante
1464 1789 1555 1832 vita
1594 1803 1673 1831 sua

130 1862 434 1918 Quadraginta
470 1868 514 1904 et
553 1868 740 1918 quatuor
780 1861 940 1904 solidos
982 1868 1026 1904 et
1057 1868 1245 1918 quatuor
1281 1862 1481 1905 denarios
1517 1861 1672 1918 legalis

127 1940 300 1976 monete
321 1934 438 1990 apud
460 1933 660 1990 Silveyns
670 1934 803 1990 juxta
820 1934 1120 1990 Stokelynche
1143 1934 1452 1990 predictam..

129 2005 232 2049 Hiis
252 2012 350 2050 test.
388 2006 524 2048 Nicho
557 2005 706 2047 Reede
737 2006 767 2048 J
771 2006 854 2047 ohe
887 2006 1067 2062 Keynes
1102 2006 1232 2048 Will⁰
1264 2008 1509 2049 Stauntone
1541 2007 1671 2050 Willo

128 2078 348 2121 Roucetre
379 2078 480 2120 Ric⁰
514 2078 681 2120 Huwet
714 2078 821 2121 3011*Ξ
854 2078 1008 2120 Roller
1041 2078 1237 2122 Roberto
1270 2079 1451 2137 Geffrey
1483 2081 1544 2124 Et
1576 2081 1670 2123 aliis

129 2152 251 2195 Data
285 2152 381 2194 1000
411 2151 480 2194 die
517 2157 560 2194 et
589 2166 704 2193 anno
735 2151 1008 2208 supradietis.

186 2233 434 2276 Endorsed.
493 2233 632 2275 Mem.
669 2233 786 2289 quod
823 2233 1014 2290 parcelle
1047 2235 1288 2291 subscripte
1324 2235 1399 2278 diu
1434 2241 1536 2279 ante
1569 2251 1670 2280 con-

127 2305 359 2349 fectionem
408 2306 539 2363 hujus
590 2306 834 2348 Indenture
895 2307 1113 2363 assignate
1164 2314 1208 2350 et
1257 2308 1438 2352 liberate
1488 2309 1669 2353 fuerunt

127 2379 338 2422 Alianore
370 2379 710 2422 infranominate
743 2379 797 2422 de
834 2379 935 2422 dote
971 2381 1051 2423 sibi
1078 2382 1358 2437 contingente
1393 2383 1445 2425 de
1477 2384 1604 2426 terris
1627 2389 1672 2426 et

127 2454 269 2496 ten'tis
290 2467 374 2509 que
395 2453 574 2495 fuerunt
594 2453 786 2495 Walteri
815 2452 1031 2509 Cloptone
1063 2454 1222 2496 Militis
1244 2456 1466 2511 quondam
1493 2456 1577 2499 viri
1603 2457 1671 2499 sui

127 2526 172 2568 in
194 2526 490 2583 Stokelynche
532 2526 844 2583 Mandeleyne.
921 2527 1009 2570 xvis
1044 2542 1152 2583 quos
1194 2528 1350 2570 Nichus
1384 2529 1559 2572 Wattes
1588 2544 1669 2587 pro

130 2600 151 2641 1
175 2600 262 2642 ten'
284 2600 534 2643 continente
553 2599 722 2642 Vaeras
744 2605 860 2643 terre
884 2601 903 2642 1
929 2600 1036 2643 roda
1057 2601 1172 2656 prati
1205 2600 1259 2644 de
1287 2602 1467 2659 antiquo
1488 2608 1604 2645 astro
1626 2609 1670 2645 et

127 2672 172 2714 xi
192 2686 310 2716 acras
339 2678 454 2715 terre
481 2674 566 2715 etl
592 2673 678 2715 acr'
716 2674 832 2730 prati
863 2674 918 2716 de
954 2674 1180 2716 dominicis
1211 2675 1385 2728 (dmcis)
1445 2675 1535 2716 xxi³
1557 2690 1667 2732 quos

126 2744 351 2789 Johannes
388 2745 522 2789 Nicol
556 2745 701 2788 reddit
737 2761 818 2804 pro
855 2748 876 2789 1
912 2748 1018 2790 ten¹⁰
1045 2747 1298 2791 continente
1332 2747 1393 2791 vii
1428 2747 1513 2790 acr’
1550 2753 1670 2791 terre

131 2819 151 2860 1
187 2819 271 2861 acr’
308 2818 422 2875 prati
456 2818 511 2863 de
545 2819 724 2877 antiquo
756 2825 874 2865 astro
909 2821 970 2864 Et
1004 2820 1048 2864 xi
1079 2821 1165 2864 acr’
1201 2826 1245 2864 et
1279 2822 1298 2863 1
1338 2821 1423 2864 acr'
1467 2821 1583 2878 prati
1614 2821 1670 2865 de
