1834 3208
869 298 932 348 95

133 431 197 475 To
218 431 330 475 have
405 461 416 473 .
477 461 488 473 .
549 462 560 473 .
620 461 631 473 .
704 429 849 474 Given
876 445 934 473 on
965 428 1166 487 Monday
1187 436 1293 474 next
1313 429 1422 474 after
1442 430 1516 474 the
1539 430 1670 475 Feast

136 505 188 549 of
224 507 289 548 St.
322 502 507 547 Martin.
572 504 675 545 llth
705 518 810 561 year
836 505 888 548 of
911 505 1070 560 Henry
1101 503 1187 547 IV.

176 697 266 740 No.
290 698 386 741 100.
409 698 569 755 Henry
591 698 676 741 IV.
702 698 826 740 1409.
887 698 1085 756 Monday
1105 698 1255 743 before
1277 697 1534 742 November
1555 699 1627 742 30.

266 781 448 824 Om’bus
489 781 573 823 Xti
616 780 713 823 Fid.
768 780 823 822 ad
874 796 982 838 quos
1044 814 1346 828 .....
1405 782 1669 825 Willielmus

129 852 370 910 Whyttoke
402 852 491 896 Sal.
522 853 567 894 in
598 853 715 896 Dno.
748 852 972 895 Noveritis
998 869 1069 897 me
1100 854 1314 898 remisisse
1368 886 1670 898 .....

130 926 162 971 J
165 926 237 969 0h1
260 926 471 968 Streeohe
492 925 625 968 Willo
648 925 786 968 Gosse
813 926 1007 970 Roberto
1031 928 1144 972 Veel
1166 935 1208 970 et
1236 929 1356 970 Will⁰
1383 928 1673 986 Kyngestone

131 999 223 1042 her’
228 1000 308 1042 bus
347 1004 392 1041 et
430 998 558 1055 assig.
600 999 687 1040 suis
728 999 888 1041 Totum
921 1001 996 1057 jus
1036 1016 1181 1044 meum
1269 1034 1568 1049 .....
1627 1003 1674 1045 in

132 1072 333 1115 omnibus
353 1071 577 1127 burgagiis
609 1072 735 1113 terris
755 1073 1027 1124 tenementis,
1048 1074 1108 1116 &e
1112 1106 1425 1125 ......
1486 1075 1586 1126 Que
1613 1076 1673 1118 eis

132 1145 222 1187 her'
227 1146 307 1187 bus
342 1150 386 1186 et
415 1145 543 1200 assig.
575 1145 661 1186 suis
694 1159 836 1200 nuper
863 1160 942 1201 per
974 1153 1139 1188 cartam
1169 1162 1313 1189 meam
1344 1147 1444 1190 dedi
1474 1155 1518 1191 et
1552 1164 1671 1191 eone.

132 1217 316 1274 imperp.
337 1217 381 1258 in
406 1218 656 1272 Mountagu
685 1217 941 1260 Somertone
972 1217 1289 1261 Yevelchestre
1319 1219 1596 1263 Northovere
1629 1228 1673 1263 et

132 1290 179 1333 in
199 1305 314 1333 omn.
332 1290 425 1333 aliis
445 1290 559 1332 villis
582 1296 626 1331 et
645 1288 750 1331 loeis
771 1290 816 1330 in
833 1289 957 1334 Com.
980 1290 1169 1335 Somers.
1202 1293 1273 1335 De
1294 1294 1450 1349 quibus
1471 1295 1672 1337 omnibus

132 1363 192 1406 eis
213 1362 413 1405 seisinam
433 1361 614 1404 liberavi
633 1361 918 1418 personaliter
940 1362 1007 1404 Ao
1027 1362 1110 1419 ipsi
1139 1364 1240 1406 inde
1261 1365 1393 1407 seisiti
1414 1367 1469 1408 ad
1492 1382 1670 1423 presens

132 1436 323 1478 existunt
360 1435 431 1476 Ita
462 1434 578 1490 quod
658 1466 668 1477 .
743 1466 754 1477 .
829 1466 840 1477 .
917 1467 928 1476 .
1007 1435 1110 1477 Hiis
1145 1436 1265 1479 Test.
1307 1438 1428 1479 Will⁰
1462 1439 1506 1481 N
1511 1447 1670 1482 eutone

134 1508 304 1551 Thoma
325 1508 431 1551 Cole
457 1509 486 1551 J
491 1508 564 1549 ohe
586 1509 785 1563 Drapere
805 1507 911 1550 3011Β
934 1506 1120 1565 Curteys
1141 1509 1457 1554 Wi110‘Bakere
1482 1513 1672 1556 waltero

138 1581 368 1624 Bouchere
399 1581 505 1625 3011θ
534 1580 745 1622 Masealle
778 1581 837 1622 Et
868 1580 977 1623 aliis.
999 1582 1118 1624 Data
1149 1582 1219 1624 die
1253 1583 1377 1627 Lune
1411 1599 1535 1641 prOX.
1571 1593 1672 1629 ante

139 1655 257 1696 Fest.
301 1654 386 1696 S'ei
426 1653 604 1695 Andree
635 1652 838 1709 Apostoli
868 1666 969 1694 ann.
1011 1668 1103 1710 reg.
1143 1654 1255 1712 Reg.
1290 1656 1473 1701 Henrioi
1514 1658 1672 1710 Quarti

137 1727 382 1770 undecimo.

250 1893 436 1935 William
477 1893 733 1949 Whyttoke‚
781 1899 827 1936 to
879 1894 1048 1936 Robert
1092 1894 1207 1938 Veel
1247 1896 1334 1939 and
1377 1898 1524 1941 others
1566 1901 1672 1954 (99).

139 1966 284 2010 Given
319 1981 376 2009 on
413 1966 612 2023 Monday
634 1973 738 2008 next
771 1967 919 2009 before
951 1967 1026 2009 the
1054 1968 1185 2010 Feast
1212 1969 1263 2011 of
1287 1969 1351 2012 St.
1383 1972 1579 2015 Andrew
1598 1973 1673 2016 the

140 2040 337 2097 Apostle.
399 2040 455 2082 In
486 2039 561 2082 the
598 2040 700 2081 llth
737 2055 841 2097 year
876 2040 928 2083 of
953 2041 1111 2097 Henry
1145 2042 1231 2084 IV.

198 2230 287 2274 No.
321 2231 415 2273 101.
448 2231 606 2287 Henry
637 2232 726 2276 IV.
758 2234 884 2275 1410.
947 2232 1113 2290 Friday
1143 2234 1291 2277 before
1321 2235 1523 2292 January
1553 2235 1594 2277 6.

259 2315 391 2358 Omn.
427 2315 509 2357 Xti
551 2315 650 2358 Fid.
691 2316 746 2358 ad
783 2331 891 2373 quos
963 2349 973 2360 .
1037 2350 1047 2360 .
1111 2349 1122 2360 .
1182 2351 1193 2361 .
1251 2319 1445 2362 Thomas
1479 2319 1674 2361 Machon

140 2387 255 2430 filius
282 2393 325 2430 et
356 2387 481 2430 heres
502 2389 532 2430 J
537 2388 618 2430 obis
643 2389 838 2432 Machon
871 2390 961 2436 Sal.
993 2391 1038 2432 in
1075 2391 1195 2434 Dno.
1218 2392 1441 2434 Noveritis
1476 2407 1546 2434 me
1576 2407 1673 2448 pre·-

139 2460 278 2504 fatum
316 2460 531 2503 Thomam
571 2463 785 2505 remisisse
846 2497 857 2508 .
917 2497 928 2510 ,
989 2497 999 2507 .
1061 2497 1071 2508 .
1131 2465 1327 2508 Johanni
1378 2466 1580 2522 Drapere
1619 2465 1675 2507 de

141 2533 409 2577 Ivelehestre
429 2534 590 2577 Totum
614 2536 689 2592 jus
721 2551 868 2579 meum
929 2569 939 2580 .
1000 2571 1012 2582 .
1076 2571 1086 2582 .
1146 2571 1158 2584 .
1216 2538 1262 2580 in
1293 2539 1461 2581 om'bus
1483 2539 1610 2581 terris
1632 2544 1676 2580 et

141 2607 285 2649 ten'tis
306 2622 405 2649 cum
427 2622 578 2650 eorum
599 2614 711 2663 pert³
734 2608 833 2660 Que
855 2609 1032 2652 fuerunt
1052 2611 1082 2655 J
1085 2610 1166 2653 oh¹⁸
1190 2610 1387 2653 Machon
1422 2611 1557 2668 patris
1589 2610 1676 2652 mei

141 2679 188 2721 in
211 2679 436 2723 Chilterne
459 2681 619 2737 Vagge
641 2681 774 2726 Chilt.
799 2683 935 2725 Dum.
957 2689 1001 2725 et
1024 2683 1349 2740 Hardyngtone
1371 2685 1442 2726 Ita
1462 2683 1577 2739 quod
1595 2698 1675 2725 nee

144 2766 226 2809 ego
287 2783 298 2795 .
360 2784 371 2795 .
431 2785 442 2794 .
504 2786 516 2798 .
577 2754 680 2796 Hiis
710 2761 808 2798 test.
849 2754 968 2799 Will⁰
1007 2755 1233 2799 Whittoke
1269 2756 1539 2799 JoheBrice
1568 2755 1676 2799 Joh⁰

146 2825 333 2882 Curteys
353 2825 522 2869 Thoma
545 2826 708 2884 Ffolky
740 2827 840 2870 Rico
864 2827 982 2871 Dole
1004 2828 1063 2871 Et
1092 2828 1202 2873 aliis.
1235 2830 1354 2872 Data
1384 2828 1501 2885 apud
1535 2827 1674 2871 Ievel-
