1834 3208
916 292 978 344 78

333 421 421 467 No.
444 423 512 466 76.
536 421 732 466 Richard
762 423 826 468 ΙΙ.
851 424 974 466 1390.
1037 422 1237 480 Monday
1257 422 1366 465 after
1396 421 1513 471 Novr
1536 422 1575 469 1.

300 496 385 538 Sci.
408 511 519 552 pres.
541 502 585 537 et
604 495 682 538 fut.
704 496 818 551 quod
836 496 932 551 Ego
948 497 978 538 J
982 496 1174 537 ohannes
1192 496 1374 552 nysshe
1391 497 1444 538 de
1463 494 1707 539 Ievelches-

184 573 249 610 tre
271 568 369 610 dedi
441 601 451 611 .
511 600 522 609 .
583 601 594 610 .
655 601 665 611 .
725 568 855 609 Willo
877 566 1102 610 Whittoke
1126 568 1402 624 Burgagium
1426 583 1572 610 meum
1595 566 1712 624 apud.

186 641 475 683 Ievelchestre
506 641 551 681 in
584 640 689 682 Alto
710 639 821 682 Vico
855 641 1061 682 situatum
1091 641 1203 682 inter
1230 642 1357 697 burg.
1382 640 1585 682 Nicholai
1605 641 1714 682 Trot

185 728 238 755 ex
260 728 350 769 par.
372 713 480 755 bori.
503 719 546 754 et
558 714 683 768 burg.
699 713 878 754 Walteri
899 714 1051 769 Morys
1068 728 1120 755 ex
1137 728 1229 769 par.
1242 719 1374 755 austr.
1398 714 1518 755 Hab.
1540 720 1583 755 et
1602 713 1711 755 Ten.

185 786 287 827 Hiis
307 786 423 830 Test.
444 787 474 828 J
479 786 551 827 ohe
573 786 903 835 Brice‚Thoma
917 787 1061 836 Brice,
1076 787 1105 829 J
1109 787 1182 828 ohe
1205 786 1526 836 Chureheman‚
1549 785 1710 828 Nicho.

184 858 306 910 Trot,
328 860 386 900 Et
405 858 552 899 multis
583 858 689 902 aliis.
721 859 838 899 Data
872 859 989 913 apud
1018 859 1313 900 Ievelchestre
1343 859 1413 900 die
1442 859 1566 900 Lu-ne
1587 873 1711 914 prox·

185 938 282 987 post
305 933 422 973 Fest.
446 931 654 972 Omnium
677 931 935 972 Sanctorum
959 931 1078 973 Ann.
1102 945 1193 986 reg.
1227 932 1342 986 Reg.
1374 931 1555 972 Ricardi
1591 930 1713 972 S'e’di

184 1010 283 1059 post
322 1009 463 1057 eonq111
496 1001 665 1052 Quarto
701 1001 898 1043 Decimo.

306 1142 428 1186 John
468 1141 634 1198 Fysshe
675 1141 725 1183 of
757 1140 1050 1183 Ievelehester
1092 1146 1137 1182 to
1172 1140 1322 1184 Willm
1360 1140 1585 1184 Whittoke
1630 1139 1715 1196 My

182 1217 379 1272 burgage
417 1216 463 1256 in
503 1215 576 1256 the
617 1214 897 1270 High-street
931 1213 981 1255 of
1006 1213 1299 1255 Ievelchester
1360 1246 1371 1260 ,
1434 1245 1444 1256 .
1506 1247 1516 1256 .
1578 1246 1589 1255 .
1650 1213 1715 1254 At

185 1288 490 1338 Ievelchester,
521 1302 577 1328 on
611 1286 810 1341 Monday
836 1292 940 1327 next
975 1285 1085 1327 after
1115 1286 1190 1327 the
1213 1287 1343 1328 Feast
1373 1286 1424 1328 of
1449 1286 1523 1328 All
1546 1286 1713 1352 Saints3

184 1360 230 1402 in
270 1360 344 1401 the
388 1358 491 1400 14th
524 1372 628 1413 year
668 1357 718 1399 of
753 1357 949 1399 Richard
991 1357 1056 1400 II.

340 1507 428 1550 No.
451 1509 520 1549 77.
541 1506 734 1548 Richard
759 1506 973 1549 II..1390.
1036 1507 1198 1563 Friday
1221 1506 1330 1548 after
1352 1505 1470 1547 Novr
1493 1505 1560 1546 12.

301 1580 538 1623 Omn.Xti
561 1579 645 1621 Fid
696 1611 706 1621 .
770 1612 779 1622 .
843 1611 853 1621 .
917 1612 926 1621 .
973 1579 1240 1620 VVillielmus
1264 1578 1495 1619 Whittoke
1517 1575 1714 1618 Salutem
1778 1587 1780 1591 ·

186 1652 230 1693 in
269 1652 387 1693 Dno.
420 1651 642 1693 Noveritis
677 1665 746 1692 me
788 1651 1019 1692 tradidisse
1055 1657 1098 1692 et
1130 1650 1270 1692 dimis.
1311 1649 1508 1692 Johanni
1546 1646 1714 1703 Fysshe

185 1725 339 1767 Totam
375 1724 519 1766 aulam
551 1730 593 1765 et
628 1723 811 1765 caudam
852 1725 906 1765 ab
946 1724 1055 1764 ostio
1098 1723 1195 1764 aule
1235 1723 1279 1763 in
1321 1737 1414 1778 par.
1455 1721 1562 1763 bori.
1598 1719 1714 1760 illius

185 1798 388 1854 burgagii
410 1797 526 1853 quod
554 1797 693 1838 habeo
721 1811 774 1837 ex
810 1796 922 1837 dono
951 1801 993 1836 et
1026 1810 1191 1837 conces.
1220 1795 1324 1836 dicti
1344 1795 1373 1838 J
1377 1794 1458 1836 ohis
1482 1793 1648 1850 Fysshe
1668 1792 1715 1832 in

184 1868 306 1911 Villa
338 1870 391 1911 de
428 1868 719 1911 Ievelchestre
754 1867 900 1909 situati
934 1867 1047 1908 inter
1076 1868 1202 1922 burg.
1240 1866 1366 1908 Nichi
1397 1866 1503 1908 Trot
1533 1881 1585 1907 ex
1621 1878 1713 1921 par.

184 1942 293 1984 bori.
327 1948 369 1983 et
400 1943 526 1997 burg.
561 1940 750 1981 Walteri
783 1939 938 1996 Morys
979 1954 1032 1980 ex
1073 1954 1165 1995 par.
1205 1945 1335 1981 austr.
1373 1939 1493 1984 Hab.
1534 1944 1577 1980 et
1607 1939 1714 1981 Ten.

185 2015 422 2071 predictam
465 2014 610 2056 aulam
651 2027 750 2054 cum
790 2013 928 2054 cauda
968 2013 1022 2054 ab
1064 2012 1172 2054 ostio
1213 2012 1311 2053 aule
1352 2012 1544 2068 predicte
1584 2011 1714 2053 modo

184 2088 432 2143 supradicto
465 2101 564 2129 cum
597 2086 734 2128 libero
767 2085 947 2126 introitu
974 2091 1017 2126 et
1039 2086 1160 2126 exitu
1197 2085 1276 2127 sibi
1309 2090 1352 2126 et
1383 2085 1510 2141 assig.
1542 2084 1628 2126 suis
1657 2083 1713 2126 ad

183 2162 420 2202 terminum
449 2160 537 2202 vite
564 2173 639 2200 sue
670 2157 911 2200 Reddendo
947 2158 1047 2199 inde
1078 2158 1303 2199 annuatim
1324 2157 1455 2199 michi
1477 2163 1519 2199 et
1539 2157 1713 2199 her'bus

184 2235 254 2278 vel
276 2234 403 2289 assig.
424 2233 531 2273 meis
564 2245 694 2272 unam
726 2245 869 2272 rosam
903 2230 1073 2272 rubiam
1104 2230 1158 2271 ad
1187 2231 1369 2272 Festum
1406 2230 1591 2273 Nativit.
1628 2231 1713 2273 S'ci

185 2309 215 2350 J
219 2306 300 2348 ohis
321 2305 520 2360 Baptiste
541 2317 619 2358 pro
641 2302 841 2344 omnibus
863 2301 1054 2343 serviciis
1076 2301 1146 2342 Ita
1167 2307 1314 2342 tamen
1335 2301 1450 2357 quod
1472 2316 1553 2356 ego
1574 2301 1713 2344 dictus

182 2379 309 2423 Wi11³
329 2377 475 2419 aulam
507 2382 549 2417 et
580 2374 763 2417 caudam
796 2374 1033 2430 predictam
1070 2374 1250 2416 heredes
1286 2379 1329 2415 et
1363 2374 1492 2430 assig.
1513 2375 1599 2416 mei
1635 2377 1712 2417 sis-

182 2452 446 2496 tentabimus
473 2455 516 2491 et
547 2447 925 2489 manutenebimus
953 2447 1196 2502 sumptibus
1232 2447 1389 2488 nostris
1421 2447 1606 2502 propriis
1626 2454 1712 2489 ter-

183 2527 302 2567 mino
336 2522 583 2579 supradicto
616 2521 678 2561 Et
712 2520 956 2575 predictum
986 2520 1106 2562 Johm
1129 2519 1295 2575 Fysshe
1327 2534 1432 2575 erga
1469 2520 1714 2561 Dominum

184 2600 354 2655 Regem
389 2602 433 2638 et
463 2595 570 2636 alios
598 2607 877 2649 quoscunque
918 2593 971 2634 de
998 2593 1164 2635 om’bus
1200 2592 1402 2634 oneribus
1432 2592 1546 2634 dicto
1581 2594 1713 2649 burg⁰

184 2669 501 2727 pertinentibus
540 2666 726 2708 termino
772 2664 952 2720 suprad0
991 2664 1308 2720 aquietabimus
1349 2669 1392 2705 et
1431 2664 1713 2706 defendemus

184 2745 242 2785 In
263 2743 386 2799 eujus
406 2741 468 2783 rei
488 2739 645 2782 testim.
676 2739 759 2779 hiis
792 2737 1044 2778 Indenturis
1071 2737 1183 2793 sigil.
1207 2742 1318 2778 nost.
1342 2736 1587 2778 alternatim
1612 2743 1714 2779 sunt

185 2830 376 2872 appensa
412 2813 513 2856 Hiis
545 2817 642 2854 test.
676 2811 706 2854 J
709 2811 783 2853 ohe
806 2810 937 2853 Brice
966 2810 1019 2852 de
1041 2810 1204 2860 Yerde,
1241 2810 1376 2851 Nich0
1396 2810 1518 2860 Trot,
1540 2808 1712 2852 Thoma
