1834 3208
942 287 1005 334 26

322 414 496 457 Walter
531 414 669 457 called
701 415 776 458 the
799 415 1037 467 Millward,
1065 415 1115 457 of
1144 415 1420 468 Southwark‚
1455 422 1501 458 to
1531 414 1652 461 John
1687 416 1739 460 of

209 487 599 529 Middelton——All
620 488 739 543 right
766 489 852 530 and
873 488 967 530 title
1000 489 1044 529 in
1080 488 1141 530 all
1173 489 1297 531 lands
1360 520 1732 533 ......

206 560 348 601 which
369 560 444 601 the
478 574 595 601 same
615 560 736 603 John
771 560 872 603 held
907 562 965 616 by
986 561 1060 602 the
1081 560 1163 616 gift
1197 561 1283 602 and
1304 561 1511 603 feofment
1542 561 1593 603 of
1611 561 1734 605 John

207 633 281 674 the
318 632 556 683 Millward‚
586 632 728 675 father
759 633 809 675 of
838 633 913 675 the
945 633 1037 675 said
1062 633 1246 684 Walter,
1273 634 1320 674 in
1347 634 1735 690 Faggeschilterne

206 705 375 761 (Vagg)
389 706 475 747 and
491 706 979 756 Dummereschilterne,
995 707 1040 747 in
1057 706 1130 748 the
1148 706 1225 748 Co.
1243 706 1293 748 of
1303 707 1523 748 Somerset
1556 739 1565 749 .
1611 739 1620 748 .
1723 738 1732 749 .

209 778 355 821 Given
396 785 440 820 at
478 778 803 830 Westminster,
844 794 901 821 on
937 779 1154 835 Saturday
1187 779 1231 820 in
1272 780 1346 821 the
1382 780 1547 822 Octave
1588 779 1638 821 of
1671 780 1736 821 St.

207 851 392 901 Martin,
412 851 455 891 in
477 851 552 892 the
572 850 687 891 sixth
707 865 811 906 year
841 850 891 892 of
913 851 987 891 the
1008 851 1132 907 reign
1153 851 1203 892 of
1226 850 1349 907 King
1372 851 1565 893 Edward
1588 866 1666 893 son
1691 851 1744 893 of

207 924 333 979 King
376 922 583 965 Edward.
663 922 1163 963 Witnesses—-Richard
1203 923 1253 964 of
1293 923 1494 979 Rodeny,
1534 923 1734 966 William

207 996 424 1047 Malerbe‚
446 996 620 1037 Walter
653 995 706 1036 de
740 994 1001 1050 Cumptone,
1029 992 1178 1050 Roger
1209 995 1251 1036 le
1284 995 1498 1051 Gyldene,
1523 996 1645 1039 John
1682 996 1739 1038 de

209 1069 402 1120 Chilton,
433 1069 520 1110 and
551 1069 711 1110 others.

286 1189 373 1231 No.
399 1191 466 1232 18.
490 1190 615 1232 Edw.
640 1190 703 1231 II.
729 1192 852 1232 1314.
904 1190 1082 1245 Sunday
1104 1189 1214 1231 after
1237 1188 1526 1231 Michaelmas
1548 1188 1666 1243 Day.

324 1272 456 1315 Omn.
506 1273 589 1314 Xti
636 1272 732 1314 Fid.
784 1287 895 1327 pres.
941 1272 1151 1328 scriptum
1195 1273 1350 1314 visuris
1400 1272 1470 1314 vel
1521 1270 1737 1313 audituris

207 1345 237 1388 J
241 1345 432 1386 ohannes
484 1344 741 1394 Dummere,
792 1343 940 1394 Miles,
991 1344 1079 1385 Sal.
1130 1344 1176 1385 in
1226 1345 1357 1386 Dom.
1408 1344 1736 1399 sempiternam.

209 1417 433 1460 Noveritis
473 1432 543 1459 me
582 1417 810 1458 tradidisse
851 1431 1037 1459 concess,
1079 1423 1121 1458 et
1161 1417 1243 1459 hoc
1279 1418 1402 1473 presti
1437 1417 1598 1472 scripto
1636 1430 1738 1457 con-

208 1491 404 1531 firmasse
425 1489 626 1530 Waltero
649 1489 772 1529 Isaac
799 1488 852 1529 de
888 1488 1028 1529 Hulle
1050 1503 1125 1529 sex
1147 1503 1267 1530 acras
1296 1494 1412 1530 terre
1433 1489 1606 1530 arabilis
1639 1502 1741 1529 cum

209 1563 296 1604 suis
337 1568 447 1618 perts
488 1562 533 1602 in
555 1560 780 1603 Chilterne
823 1560 1063 1602 Dommere
1100 1561 1300 1611 Quarum
1336 1561 1421 1602 due
1462 1575 1559 1602 acre
1588 1561 1741 1616 jacent

208 1650 338 1691 super
371 1633 644 1677 Smalemede
674 1633 788 1674 inter
818 1638 979 1674 terram
1009 1639 1115 1675 tunc
1146 1634 1332 1675 Henrici
1359 1634 1411 1675 de
1435 1633 1668 1689 Romesye‚
1699 1639 1743 1673 et

210 1708 547 1750 Hulliamstrete
584 1706 687 1747 Due
727 1720 825 1747 acre
858 1705 1008 1761 jacent
1043 1721 1173 1762 super
1206 1707 1399 1763 Bymere
1430 1707 1543 1748 inter
1578 1712 1742 1747 terram

207 1787 314 1821 tunc
336 1778 542 1820 Nicholai
564 1777 750 1833 Kayron
782 1783 825 1818 et
856 1782 1018 1818 terram
1039 1783 1145 1820 tunc
1167 1779 1353 1820 Henrici
1374 1779 1428 1820 de
1451 1778 1743 1834 Pypelpenne

211 1867 302 1894 una
323 1866 423 1893 acra
443 1851 562 1907 jacet
583 1849 1014 1905 Bymthecmermere
1035 1850 1148 1891 inter
1175 1856 1338 1892 terram
1365 1856 1470 1892 tunc
1493 1850 1681 1891 Henrici
1702 1849 1744 1891 le

212 1926 352 1968 Mone
373 1929 416 1966 et
436 1929 598 1965 terram
618 1928 722 1963 tunc
742 1923 771 1965 J
775 1922 957 1964 ohannis
985 1922 1038 1964 de
1068 1922 1345 1965 Middeltone
1367 1923 1472 1964 Una
1493 1937 1594 1964 acra
1620 1923 1745 1979 jacet

213 2012 342 2054 super
359 1995 666 2037 Riccherhulle
682 1995 794 2036 inter
806 2000 969 2035 terram
985 2000 1088 2036 tunc
1110 1995 1295 2037 Henrici
1309 1995 1349 2037 le
1367 1994 1506 2037 Mone
1523 2001 1566 2037 et
1582 2001 1745 2037 terram

213 2078 319 2113 tunc
358 2069 482 2113 Willi
518 2068 639 2110 Suell
676 2068 738 2108 Et
771 2073 958 2123 quatuor
995 2068 1199 2109 solidatas
1240 2069 1374 2110 annui
1405 2068 1600 2110 redditus
1645 2083 1746 2111 cum

214 2145 300 2186 suis
321 2149 431 2199 pertS
452 2143 497 2182 in
519 2141 745 2183 Chilterne
767 2141 1007 2182 Dommere
1030 2142 1332 2196 provenientes
1359 2142 1413 2184 de
1433 2147 1682 2184 tenemento
1703 2148 1746 2185 et

213 2223 332 2258 terra
371 2229 454 2271 que
493 2214 682 2255 Thomas
723 2213 777 2254 de
818 2213 1142 2270 Remmysbury
1173 2215 1293 2270 prius
1330 2215 1383 2256 de
1416 2229 1486 2256 me
1517 2215 1658 2257 tenuit
1688 2215 1747 2257 ad

214 2290 453 2332 terminum
473 2287 558 2329 vite
580 2300 654 2327 sue
676 2286 721 2326 in
741 2285 893 2327 eadem
915 2286 1017 2328 villa
1040 2287 1159 2329 Hab.
1191 2293 1234 2328 et
1269 2287 1363 2329 Ten
1367 2319 1746 2330 ......

218 2363 273 2404 In
296 2363 418 2418 cujus
439 2361 501 2402 rei
521 2360 632 2401 testi.
654 2359 756 2400 huic
777 2359 886 2414 presi
907 2366 991 2400 scr⁰
1013 2359 1058 2400 in
1080 2360 1258 2401 modum
1279 2361 1529 2416 cirographi
1551 2360 1748 2403 confecto

220 2435 373 2491 sigilla
412 2439 561 2475 nostra
610 2432 860 2473 alternatim
910 2433 1188 2488 apposuimus
1240 2433 1343 2474 Hiis
1382 2434 1499 2475 Test.
1553 2434 1748 2477 Domino

218 2508 420 2552 Waltero
441 2506 494 2547 de
517 2506 732 2560 Romesye
751 2504 911 2555 Milite,
926 2505 955 2547 J
959 2505 1131 2546 ohanne
1160 2506 1213 2547 de
1235 2505 1527 2556 Middeltone,
1550 2506 1748 2549 Henrico

222 2582 277 2623 de
312 2579 615 2636 Pypelpenne,
647 2577 852 2620 Johanne
894 2577 1077 2634 Ffagge,
1111 2578 1306 2621 Roberto
1349 2578 1513 2635 Pyga2‚
1553 2580 1612 2621 Et
1640 2579 1748 2622 aliis.

222 2655 392 2696 Datum
434 2652 551 2708 apud
592 2651 745 2692 Penne
790 2650 877 2692 Die
919 2651 1154 2693 Dominica
1194 2652 1393 2707 proxima
1433 2657 1531 2708 post
1569 2653 1750 2695 Festum

223 2727 327 2770 S'cti
377 2724 609 2767 Michaelis
659 2727 792 2766 Anno
833 2723 980 2780 Regni
1021 2723 1157 2780 Regis
1199 2725 1408 2767 Edwardi
1458 2725 1560 2768 Filii
1612 2725 1750 2783 Regis

223 2799 433 2842 Edwardi
462 2803 629 2844 octavo.
