1834 3208
900 286 964 333 80

164 410 206 453 in
249 413 479 455 Somerton
540 445 549 456 .
623 445 633 455 .
706 447 715 457 .
787 449 798 459 .
862 415 1072 457 Edmund
1110 414 1221 471 Lyte
1295 446 1307 458 .
1382 447 1393 458 .
1464 447 1474 459 .
1548 447 1559 457 .
1631 415 1695 458 At

163 485 472 528 Yevelchester
492 500 548 527 on
571 485 734 543 Friday
755 494 860 530 next
893 488 1004 530 after
1034 487 1109 529 the
1144 487 1274 528 Feast
1305 485 1356 528 of
1381 486 1444 530 St.
1467 487 1694 531 Barnabas

164 557 239 599 the
270 558 480 613 Apostle3
511 558 556 600 in
586 558 660 601 the
694 560 797 601 14th
828 575 932 616 year
961 559 1011 602 of
1035 558 1228 601 Richard
1259 558 1323 601 II.

165 725 253 768 No.
274 728 342 770 79.
359 727 553 770 Richard
570 730 634 773 ΙΙ.
658 731 781 773 1392.
817 730 1014 787 Monday
1036 730 1085 773 of
1098 731 1172 772 the
1193 729 1333 771 Third
1353 728 1478 772 week
1500 729 1545 770 in
1567 729 1694 772 Lent.

278 807 426 849 Sciant
453 824 543 864 pre.
576 816 619 851 et
653 811 731 853 fut.
767 811 884 866 quod
921 825 1002 866 ego
1038 810 1306 851 Willielmus
1341 809 1395 851 de
1430 809 1694 851 Chorletone

163 878 277 920 filius
312 885 354 921 et
388 881 512 922 heres
547 882 661 924 Johis
699 883 752 924 de
786 883 1051 925 Chorletone
1084 883 1184 924 dedi
1267 915 1276 925 .
1337 914 1346 924 .
1409 916 1418 925 .
1479 914 1490 923 .
1565 882 1694 922 Willo

163 950 398 993 Ekerdone
421 952 658 1008 Capellano
693 959 736 995 et
760 954 955 996 Roberto
977 953 1090 995 Veel
1123 954 1274 995 decem
1306 967 1426 995 acras
1462 953 1574 1008 prati
1595 968 1695 995 cum

163 1029 273 1078 pert⁵¹
295 1024 338 1064 in
361 1024 567 1066 Sothmor
589 1026 686 1076 Que
718 1032 930 1068 vocantur
963 1026 1004 1067 16
1027 1026 1186 1082 Rygge
1209 1027 1307 1075 Que
1329 1026 1450 1081 predS
1471 1026 1500 1068 J
1504 1026 1694 1068 ohannes

162 1101 287 1150 pater
307 1111 428 1137 meus
449 1112 589 1152 nuper
610 1098 843 1153 adquisivit
865 1098 918 1139 de
940 1098 969 1140 J
973 1098 1143 1139 ohanne
1174 1098 1228 1139 de
1260 1097 1456 1152 Erleghe
1478 1097 1694 1140 Videlicet

162 1167 214 1209 de
250 1168 438 1223 parcella
480 1169 672 1211 Manerii
714 1170 766 1211 de
809 1171 1064 1212 Somertone
1107 1169 1298 1225 Erleghe
1341 1170 1462 1211 Hab.
1503 1175 1547 1210 et
1581 1169 1693 1212 Ten.

163 1240 265 1281 Hiis
306 1241 420 1283 Test.
463 1242 658 1298 Phillipo
701 1242 839 1298 Spore
875 1243 981 1285 Johe
1019 1243 1182 1298 Burcy.
1217 1242 1323 1284 Johe
1359 1241 1530 1291 Isaake,
1566 1242 1695 1283 Will⁰

160 1313 420 1368 Whyttoke,
450 1315 558 1356 1011θ
579 1315 684 1357 Atte
721 1315 882 1366 Yerde,
919 1316 1096 1371 Rogero
1129 1314 1386 1365 Arundefle,
1413 1314 1542 1355 Will⁰
1565 1314 1695 1364 Dole‚

162 1384 224 1425 Et
258 1385 364 1435 aliis,
423 1387 541 1428 Data
569 1387 686 1442 apud
708 1386 1021 1428 Yevelchestre
1053 1386 1121 1427 die
1159 1386 1283 1427 Lune
1318 1387 1362 1426 in
1398 1386 1549 1427 Tereia
1585 1387 1693 1441 Sep-

160 1457 324 1498 timana
346 1458 689 1514 Quadragesime
712 1459 830 1501 Ann.
854 1474 947 1514 reg.
969 1459 1081 1514 Reg.
1106 1458 1284 1499 Ricardi
1306 1457 1493 1500 Secundi
1527 1458 1692 1507 Quinto

161 1530 342 1572 decimo.

275 1678 417 1719 Willm
438 1678 489 1720 of
503 1678 729 1730 Chariton,
750 1694 828 1722 son
860 1677 946 1721 and
978 1679 1072 1721 heir
1102 1677 1152 1721 of
1178 1678 1297 1722 John
1320 1677 1370 1720 of
1399 1677 1624 1729 Charlton,
1645 1683 1690 1720 to

160 1753 304 1794 Willm
339 1753 592 1805 Ekerdone,
627 1754 842 1810 chaplain‚
883 1753 969 1795 and
1003 1753 1170 1795 Robert
1204 1752 1448 1794 Veel-—ten
1495 1767 1613 1794 acres
1646 1753 1691 1794 in

162 1825 438 1868 Southmore.
500 1827 585 1869 No.
625 1827 694 1877 65,
729 1827 764 1868 is
805 1842 831 1868 a
870 1826 1072 1881 “Copy'’
1115 1825 1165 1867 of
1195 1825 1282 1867 this
1321 1825 1459 1866 Deed.

447 1998 535 2040 No.
578 1997 646 2037 80.
680 1996 875 2038 Richard
909 1997 973 2039 II.
1009 1997 1132 2037 1392.
1192 1996 1299 2053 July
1333 1997 1402 2038 26.

273 2075 403 2117 Omn.
427 2075 510 2116 Xti
533 2074 628 2116 Fid.
652 2074 705 2115 ad
728 2088 835 2129 quos
883 2106 892 2116 .
954 2107 964 2115 .
1026 2105 1035 2114 .
1098 2105 1108 2115 .
1159 2074 1425 2129 Willielmus
1448 2072 1688 2115 Ekerdone

157 2148 419 2204 Capellanus
441 2147 515 2189 Sal
535 2147 580 2188 111
599 2147 717 2189 Dno.
734 2147 780 2188 N
783 2147 956 2189 overitis
978 2161 1047 2188 me
1068 2147 1279 2188 remisisse
1302 2147 1435 2190 relax·
1451 2152 1493 2187 et
1514 2146 1689 2187 omnino

157 2236 236 2277 pro
267 2236 336 2262 me
377 2226 420 2262 et
460 2220 632 2262 her’bus
672 2220 780 2260 meis
810 2219 979 2275 inperp.
1017 2220 1211 2275 quietum
1252 2219 1458 2261 clamasse
1495 2219 1690 2260 Roberto

157 2292 269 2333 Veel
288 2292 447 2333 Totum
461 2291 534 2347 jus
555 2305 703 2331 meum
724 2296 766 2331 et
791 2290 1004 2332 clameum
1022 2304 1104 2345 que
1121 2290 1253 2332 habui
1269 2290 1407 2332 habeo
1422 2305 1497 2331 seu
1518 2290 1688 2345 quovis-

157 2364 285 2405 modo
307 2364 351 2404 in
373 2363 568 2404 futurum
589 2363 750 2404 habere
771 2368 923 2418 potero
944 2363 989 2403 in
1011 2362 1159 2404 decem
1190 2363 1299 2403 acris
1320 2362 1433 2418 prati
1456 2377 1554 2403 cum
1575 2367 1688 2417 pert⁸

156 2438 202 2478 in
224 2436 479 2479 Somertone
502 2435 699 2490 Erleghe
720 2449 803 2490 que
825 2441 1036 2476 vocantur
1063 2435 1105 2476 le
1133 2435 1292 2491 Rygge
1313 2435 1358 2476 in
1379 2440 1504 2490 prato
1535 2440 1687 2476 vocato

156 2509 198 2550 le
230 2508 434 2550 Sothmor
457 2507 555 2557 Que
591 2507 810 2563 predictus
843 2508 1064 2550 Robertus
1092 2512 1134 2548 et
1163 2521 1242 2562 ego
1274 2507 1515 2548 antedictus
1542 2506 1688 2549 Willus

156 2596 296 2637 nuper
329 2566 640 2635 adquisivimus
674 2580 728 2621 de
760 2580 890 2621 Will0
924 2580 976 2621 de
1019 2579 1282 2622 Chorletone
1326 2579 1416 2621 filio
1452 2585 1495 2620 et
1528 2579 1686 2620 herede

155 2655 184 2697 J
189 2654 269 2695 ohis
292 2653 345 2695 de
367 2652 630 2695 Chorletone
652 2653 721 2694 Ita
743 2653 857 2708 quod
880 2667 961 2694 nec
982 2667 1064 2708 ego
1086 2652 1277 2707 prefatus
1299 2651 1423 2695 Will⁸
1446 2651 1685 2693 Ekerdone

155 2726 336 2768 heredes
358 2732 432 2767 aut
453 2725 660 2781 assignat-i
680 2725 766 2767 mei
787 2725 948 2781 aliquid
975 2725 1086 2781 juris
1114 2739 1189 2766 seu
1216 2724 1369 2766 clamei
1400 2724 1444 2766 in
1480 2724 1683 2780 predictis

155 2799 302 2840 decem
350 2798 458 2839 acris
510 2797 622 2853 prati
673 2802 749 2838 aut
801 2797 945 2853 aliqua
992 2796 1183 2853 parcella
1235 2796 1486 2839 earumdem
1533 2810 1681 2839 versus
