1834 3208
888 296 949 343 60

158 437 245 465 una
265 437 366 465 acra
393 423 512 479 jacet
532 438 661 479 super
674 423 940 482 Cheldrigge
968 426 1082 468 inter
1113 433 1275 469 terram
1310 428 1434 470 Robti
1454 426 1604 484 Pygaz
1627 441 1680 470 ex

155 501 278 551 parte
300 510 385 537 una
405 501 449 537 et
468 501 629 538 terram
650 497 861 552 Stephani
887 498 1016 540 Swan
1051 514 1105 541 ex
1132 500 1269 542 altera
1303 501 1364 542 Et
1398 515 1486 542 una
1519 515 1619 542 aera
1639 506 1684 542 et

153 568 332 610 dimidia
347 569 497 625 jacent
525 568 571 610 in
599 569 942 626 Estelangelond
971 571 1084 613 inter
1109 578 1272 614 terram
1300 569 1424 615 Robti
1446 573 1594 629 Pygas
1629 587 1682 614 ex

154 655 247 696 par.
283 656 371 683 una
421 647 465 683 et
496 647 658 683 terram
707 642 801 684 Rici
839 643 1080 700 Pouphorn
1114 660 1166 687 ex
1200 645 1338 687 altera.
1376 646 1435 687 Et
1464 659 1551 686 una
1583 659 1685 686 aera

147 714 268 769 jacet
297 714 341 755 in
362 714 591 757 Vilemede
623 715 753 770 juxta
782 721 944 758 terram
972 732 1111 773 nuper
1144 718 1308 774 Rogeri
1334 717 1468 760 Torel
1503 719 1562 759 Et
1595 723 1684 759 tres

153 786 261 828 rode
281 792 396 828 terre
410 788 559 843 jacent
576 789 892 843 Bytwynetone
912 789 1025 831 inter
1045 797 1206 832 terram
1224 791 1390 832 Prioris
1411 791 1464 832 de
1486 792 1683 832 Brutone

153 872 207 899 ex
237 863 361 913 parte
385 873 472 900 una
500 864 546 901 et
572 873 704 900 unam
739 860 889 901 rodam
919 868 1034 903 terre
1070 863 1358 918 pertinentem
1400 862 1595 904 Eeolesie
1629 876 1683 904 ex

152 928 291 971 altera
312 929 431 972 Hab.
466 936 510 972 et
529 931 623 972 Ten
684 963 695 973 .
754 963 766 974 .
828 965 840 976 .
899 933 1066 974 Datum
1102 934 1219 989 apud
1253 934 1386 977 Chilt.
1415 934 1572 990 Vagge
1612 934 1683 976 die

152 1000 278 1043 Lune
312 1017 435 1058 prox.
468 1009 566 1058 post
603 1005 721 1046 Fest.
751 1005 837 1047 S’ci
873 1005 1094 1047 Ambrosii
1124 1007 1242 1049 Ann.
1279 1021 1373 1062 reg.
1407 1006 1519 1062 Reg.
1559 1007 1683 1048 Edwi

150 1073 291 1115 Tereii
311 1081 408 1130 post
442 1087 584 1132 eonqm
603 1077 820 1119 tricesimo
853 1084 1006 1120 octavo
1038 1078 1153 1120 Hiis.
1192 1079 1309 1121 Test.
1347 1079 1477 1120 Will⁰
1508 1079 1684 1130 Welde‚

152 1147 329 1203 Rogero
373 1148 683 1199 Warmewille‚
724 1150 860 1193 Robt⁰
899 1151 1051 1207 Pigaz‚
1091 1151 1227 1194 Robto
1281 1152 1505 1194 Wrenehe
1556 1151 1683 1195 Will⁰

155 1218 344 1275 Cayron,
383 1226 427 1262 et
466 1221 614 1263 multis
653 1221 762 1265 aliis.

266 1301 441 1343 Walter
485 1301 541 1343 de
576 1301 790 1358 Cloptone
823 1308 869 1344 to
905 1301 1100 1358 Stephen
1133 1303 1385 1359 Godewyne
1419 1304 1505 1345 and
1543 1303 1679 1346 Edith

151 1373 219 1414 his
250 1372 544 1425 wife—lands‚
575 1375 650 1416 &m
711 1374 818 1427 (No.
850 1376 939 1428 47.)

237 1540 325 1584 No.
354 1544 424 1586 53.
457 1545 583 1589 Edw.
617 1547 708 1590 III.
774 1547 898 1587 1364.
957 1546 1240 1601 Wednesday
1270 1545 1381 1587 after
1413 1545 1519 1600 May
1550 1545 1592 1588 l.

265 1622 396 1667 Omn.
430 1625 513 1667 Xti
549 1627 646 1669 Fid.
679 1627 734 1669 ad
776 1641 883 1683 quos
919 1640 1031 1682 pres.
1071 1626 1200 1681 scrip.
1229 1640 1404 1681 perven.
1455 1624 1680 1666 Walterus

148 1692 203 1734 de
225 1693 440 1751 Cloptone
462 1698 550 1741 Sal.
576 1700 621 1741 in
649 1700 768 1742 Dno,
802 1698 1025 1741 Noveritis
1057 1694 1389 1740 me'tradidisse
1451 1730 1462 1740 .
1524 1731 1534 1740 .
1597 1730 1606 1740 .
1666 1730 1678 1739 .

147 1765 179 1806 J
182 1766 343 1809 ohanni
365 1768 519 1812 Couke
540 1777 583 1813 et
605 1771 824 1826 Stephano
845 1770 1072 1812 Tribulaez
1093 1775 1181 1811 tres
1205 1783 1325 1810 acras
1352 1774 1468 1810 terre
1498 1770 1674 1812 arabilis

147 1837 194 1878 in
216 1838 392 1896 Campis
413 1842 467 1884 de
489 1844 620 1887 Chilt.
644 1845 778 1886 Dum.
802 1858 901 1885 eum
923 1848 1014 1884 toto
1047 1848 1172 1898 prato
1201 1857 1300 1883 meo
1327 1841 1381 1883 de
1410 1842 1680 1899 Manymede

152 1909 257 1952 Una
292 1927 391 1955 acra
417 1914 538 1970 jacet
571 1915 617 1956 in
649 1916 821 1957 cultura
855 1914 910 1956 de
943 1913 1177 1969 Hirleighe
1202 1913 1317 1954 inter
1342 1919 1508 1954 terram
1537 1929 1679 1970 nuper

147 1982 178 2024 J
181 1983 263 2024 ohis
283 1984 433 2029 Turke
454 1993 498 2029 et
517 1993 679 2029 terram
707 1988 829 2030 Robti
860 1986 996 2043 Pigaz
1025 1986 1130 2027 Una
1162 2000 1260 2027 aera
1288 1986 1407 2042 jacet
1436 1986 1482 2026 in
1506 1986 1679 2028 cultura

152 2056 205 2098 de
228 2057 445 2101 Lonstede
466 2061 579 2102 inter
600 2067 764 2103 terram
796 2075 936 2116 nuper
957 2060 986 2103 J
990 2059 1072 2101 ohis
1093 2058 1244 2100 Turke
1279 2065 1323 2100 et
1357 2065 1518 2100 terram
1552 2065 1678 2102 Sarre

151 2130 459 2174 Rokkebourn
483 2134 680 2176 Dimidia
701 2149 801 2176 acra
823 2134 942 2189 jacet
962 2132 1079 2188 apud
1102 2132 1367 2188 Manymede
1390 2132 1538 2173 Croise
1564 2133 1678 2174 inter

148 2208 313 2245 terram
341 2205 546 2247 Johanne
577 2205 781 2261 Smythes
813 2212 856 2247 et
899 2212 1061 2247 terram
1098 2219 1239 2260 nuper
1268 2204 1384 2247 Johis
1416 2204 1584 2260 Stagon
1616 2205 1679 2246 Et

148 2276 327 2318 dimidia
350 2292 450 2320 aera
472 2279 592 2334 jacet
612 2279 666 2320 ad
698 2278 1008 2321 occidentalem
1039 2278 1172 2319 finem
1202 2277 1317 2319 bosci
1350 2277 1403 2318 de
1425 2277 1532 2319 Oele
1564 2278 1677 2320 inter

147 2354 310 2390 terram
350 2350 518 2392 Thome
548 2351 780 2407 Pynghow
811 2357 854 2393 et
882 2357 1044 2392 terram
1079 2364 1220 2406 nuper
1251 2349 1433 2391 Domini
1462 2350 1677 2392 ‚Iohannis

148 2421 203 2462 de
234 2423 543 2479 Beauchampe
574 2424 695 2468 Hab.
734 2429 778 2466 et
816 2424 909 2465 Ten
971 2456 981 2466 .
1044 2455 1055 2466 .
1117 2455 1127 2466 .
1189 2455 1200 2464 .
1258 2421 1378 2463 salva
1412 2428 1530 2463 secta
1558 2424 1677 2465 curie

146 2508 243 2536 mee
278 2495 330 2537 de
358 2494 584 2538 Chilterne
614 2496 771 2552 Vagge
802 2496 935 2538 semel
966 2510 1044 2552 per
1065 2510 1227 2538 annum
1279 2529 1289 2539 .
1354 2527 1362 2536 .
1427 2526 1436 2536 .
1501 2527 1511 2537 .
1573 2496 1675 2538 Hiis

147 2567 265 2610 Test.
286 2567 404 2609 Will0
425 2568 702 2624 Bynghame,
719 2568 848 2610 Robt⁰
870 2570 1030 2620 Boure‚
1052 2568 1172 2624 Rog⁰
1192 2567 1513 2619 Warmewelle‚
1544 2568 1675 2611 Robto

148 2640 299 2697 Pigaz,
341 2641 473 2683 Robto
515 2641 735 2683 Wrenehe
785 2641 847 2683 Et
895 2641 989 2683 aliis
1030 2641 1198 2682 Datum
1230 2655 1298 2696 ap.
1342 2640 1567 2683 Chilterne
1607 2642 1677 2684 die

147 2713 362 2756 Mercurii
402 2728 526 2769 prOX.
567 2719 664 2769 post
686 2714 803 2764 Fest,
842 2713 1155 2770 Apostolorum
1198 2712 1395 2768 Philippi
1442 2719 1486 2755 et
1522 2714 1677 2758 Jacobi

148 2801 249 2830 ann.
272 2801 362 2843 reg.
386 2786 496 2843 Reg‚
520 2786 643 2829 Edwi
663 2787 802 2830 Tercii
823 2801 848 2829 a
869 2795 999 2844 conqu
1022 2786 1236 2829 tricesimo
1258 2791 1425 2829 octavo.
