1834 3208
809 306 869 359 41

67 442 368 505 acquiteronps
389 450 433 488 et
453 443 773 501 defenderonps
794 458 839 485 as
861 447 951 485 tutz
965 442 1091 499 jours
1108 443 1177 484 En
1199 442 1525 484 tesmoinaunce
1547 440 1600 484 de

68 520 194 577 quele
215 519 341 562 chose
362 518 402 560 ai
419 524 531 560 ceste
548 523 749 574 presente
770 516 942 558 chartre
959 515 999 556 ai
1021 515 1102 556 mis
1123 530 1252 557 meon
1271 515 1371 558 Seal
1394 515 1484 557 Par
1500 530 1600 571 yces

67 592 346 648 Tesmoignes
366 591 397 633 J
401 590 515 632 ohan
538 589 745 646 Sylveyn,
767 588 918 643 Roger
938 587 991 629 de
1004 587 1303 639 Stokelinche,
1321 587 1517 629 Richard
1546 588 1602 629 de

67 664 367 722 Dylyngtone,
387 663 580 705 Thomas
616 662 670 703 de
693 660 1025 710 Conndenham‚
1059 660 1090 702 J
1094 659 1207 701 ohan
1250 660 1304 701 de
1347 660 1604 712 Hilcumbe‚

66 738 125 781 Et
156 743 313 778 autres.
350 736 478 777 Done
513 749 539 776 a
569 732 853 775 Stokelinche
888 731 1159 788 Magdalene
1181 731 1221 773 le
1244 731 1455 773 Mekerdi
1479 746 1600 788 pros-

65 810 188 853 chien
209 823 334 865 apres
369 807 410 848 la
431 806 561 848 Feste
593 806 717 848 Seint
736 806 766 849 J
769 805 883 847 ohan
910 805 952 847 le
974 805 1198 861 Baptistre
1222 805 1259 845 L
1280 819 1336 846 an
1372 804 1431 846 du
1464 819 1601 862 regne

64 883 104 926 le
127 883 212 925 Roi
235 879 425 923 Edward
448 880 553 921 tierz
575 894 700 935 apres
721 878 762 920 le
786 878 1008 934 Conquest
1029 878 1282 934 quinszime.

179 1004 326 1046 Know
347 1002 406 1045 all
426 1017 542 1052 men,
559 1008 735 1057 present
756 1002 842 1044 and
864 1008 909 1044 to
940 1016 1076 1053 come,
1092 1001 1188 1043 that
1210 1001 1231 1043 Ι
1268 1003 1389 1045 John
1424 1003 1453 1045 J
1459 1002 1599 1044 urdan

65 1079 175 1121 have
196 1079 327 1135 given
350 1108 650 1119 .....
712 1082 758 1117 to
810 1075 880 1117 Sir
914 1076 1036 1117 John
1087 1076 1141 1117 de
1194 1076 1507 1132 Beauchampe
1557 1076 1610 1118 of

65 1153 297 1202 Somerset‚
325 1150 515 1207 Knight‚
547 1149 651 1191 Two
687 1163 808 1191 acres
837 1148 888 1190 of
911 1149 1058 1191 arable
1093 1149 1197 1191 land
1234 1150 1280 1191 in
1316 1150 1601 1192 Stokelinche

66 1225 350 1282 Magdalene‚
377 1224 533 1266 situate
555 1237 611 1265 on
633 1223 708 1265 the
741 1223 942 1279 Rydone,
962 1223 1166 1265 bounded
1204 1239 1260 1265 on
1282 1224 1387 1266 both
1410 1224 1522 1265 sides
1545 1225 1603 1280 by

64 1300 167 1342 land
199 1298 250 1341 of
279 1298 430 1353 Roger
461 1297 511 1339 of
537 1297 835 1353 Stokelynche
898 1327 908 1339 .
972 1329 981 1338 .
1046 1327 1057 1339 .
1120 1330 1130 1339 .
1190 1297 1254 1339 To
1288 1297 1398 1340 have
1434 1297 1519 1339 and
1556 1304 1601 1340 to

65 1372 189 1415 Hold
221 1404 231 1414 .
295 1403 304 1413 .
386 1403 396 1413 .
479 1402 488 1413 .
578 1370 1003 1413 Witnesses———John
1054 1370 1261 1427 Sylveyn‚
1311 1370 1505 1413 Richard
1556 1369 1608 1412 of

66 1447 339 1504 Dylyngton,
368 1442 559 1487 Thomas
590 1444 640 1486 of
669 1443 1042 1496 Cortondenham,
1075 1444 1161 1486 and
1190 1445 1351 1487 others.
1389 1444 1533 1487 Given
1555 1449 1602 1486 at

64 1520 346 1563 Stokelinche
380 1517 663 1573 Magdalene,
684 1517 759 1559 the
792 1517 1074 1574 Wednesday
1095 1524 1201 1559 next
1228 1518 1339 1560 after
1370 1517 1446 1559 the
1470 1517 1602 1559 Feast

64 1594 114 1637 of
137 1595 187 1636 St
222 1594 344 1637 John
378 1592 567 1647 Baptist‚
601 1591 647 1632 in
683 1590 756 1632 the
793 1591 892 1633 15th
928 1606 1032 1648 year
1066 1591 1116 1633 of
1141 1591 1215 1633 the
1248 1592 1372 1648 reign
1403 1590 1453 1633 of
1486 1590 1599 1646 king

65 1666 256 1708 Edward
279 1665 370 1707 ΙΙΙ.
392 1664 502 1706 after
523 1663 760 1719 Conquest.

219 1762 306 1805 No.
336 1763 406 1805 30.
441 1763 567 1805 Edw.
601 1763 693 1805 III.
737 1764 860 1806 1345.
923 1763 1125 1820 Monday
1156 1764 1334 1819 August
1368 1763 1435 1804 15.

158 1827 242 1870 Sci.
264 1842 377 1883 pres.
399 1834 443 1870 et
463 1828 542 1871 fut.
565 1828 680 1885 quod
700 1829 800 1885 Ego
822 1828 965 1871 Alicia
987 1829 1208 1885 quondam
1233 1829 1360 1870 Uxor
1383 1825 1595 1884 Hugonis

65 1900 215 1942 Dodul
237 1900 454 1943 Chalener
485 1901 530 1941 in
567 1916 678 1957 pura
699 1908 742 1943 et
769 1901 873 1957 ligia
895 1901 1111 1943 viduetate
1148 1917 1244 1944 mea
1277 1901 1377 1943 dedi
1399 1915 1519 1942 conc.
1552 1904 1597 1940 et

65 1973 146 2016 hac
168 1989 279 2030 pres.
321 1989 407 2016 car.
449 1989 547 2016 mea
588 1975 844 2017 confirmavi
886 1975 1109 2031 Stephano
1158 1975 1248 2017 filio
1296 1990 1392 2016 meo
1434 1974 1597 2016 Totum

64 2053 238 2088 tenemm
256 2062 398 2089 meum
416 2047 461 2088 in
477 2047 581 2089 villa
601 2047 832 2089 Ivelcestre
848 2048 964 2103 quod
981 2048 1148 2089 Scitum
1163 2054 1228 2089 est
1244 2048 1287 2089 in
1306 2047 1346 2089 13
1362 2047 1598 2103 Chepstret

64 2121 285 2176 exoposito
307 2120 502 2162 Ecclesie
526 2120 669 2163 Marie
692 2121 878 2163 Minoris
900 2122 1014 2163 inter
1058 2128 1147 2163 ten.
1171 2122 1392 2178 quondam
1413 2120 1603 2164 Walteri

64 2192 117 2235 de
140 2193 416 2235 Northovere
438 2193 581 2236 clerici
604 2194 681 2236 filii
704 2195 919 2236 Osmundi
943 2195 983 2237 le
1021 2195 1220 2252 Deghar’
1242 2195 1296 2237 de
1320 2195 1598 2236 Northovere

64 2281 116 2308 ex
138 2273 260 2322 parte
296 2282 383 2308 una
415 2273 459 2309 et
494 2274 653 2310 tenem.
678 2268 891 2310 Priorisse
923 2269 1038 2311 Albe
1071 2269 1187 2311 Aule
1212 2285 1266 2311 ex
1298 2275 1422 2325 parte
1458 2268 1596 2310 altera

64 2339 181 2382 Hab.
215 2346 258 2382 et
290 2340 397 2383 Ten.
433 2347 574 2382 totum
610 2342 748 2398 predm
786 2348 891 2384 tenm
924 2358 1023 2384 cum
1057 2350 1165 2385 omus
1207 2344 1295 2384 suis
1325 2348 1435 2399 perts
1471 2342 1597 2398 pred⁰

65 2412 285 2469 Stephano
318 2420 360 2455 et
393 2414 526 2455 herbus
551 2415 637 2456 suis
673 2421 716 2457 et
750 2416 991 2472 cuicunque
1014 2416 1118 2458 dare
1143 2417 1331 2459 vendere
1359 2417 1507 2472 legare
1529 2415 1600 2457 vel

65 2486 312 2543 assingnare
334 2487 521 2529 voluerit
551 2488 605 2529 de
628 2488 899 2543 Capitalibus
923 2489 1129 2531 Dominis
1153 2490 1290 2531 Feodi
1317 2489 1432 2531 illius
1462 2489 1599 2532 libere

63 2559 206 2615 quiete
226 2560 394 2616 integre
426 2562 537 2603 bene
567 2568 610 2603 et
641 2562 685 2602 in
721 2576 826 2617 pace
851 2562 952 2619 jure
987 2562 1248 2605 hereditario
1281 2563 1450 2619 inperp.
1476 2563 1594 2604 Red-

64 2631 204 2674 dendo
243 2633 343 2674 inde
366 2634 590 2675 annuatim
630 2633 798 2676 Thome
840 2633 946 2676 Coie
986 2641 1030 2677 et
1069 2635 1204 2677 herbus
1226 2635 1297 2678 vel
1338 2636 1465 2691 assig.
1505 2636 1592 2677 suis

66 2704 210 2746 Unam
239 2720 382 2747 rosam
418 2705 472 2747 ad
499 2708 676 2748 Festum
710 2707 964 2749 Nativitatis
999 2708 1103 2750 S’eti
1139 2709 1355 2752 Johannis
1394 2709 1596 2765 Baptiste

67 2776 127 2818 Et
152 2778 205 2819 ad
229 2778 423 2820 Firmam
444 2778 548 2821 ville
582 2780 816 2822 Ivelcestre
848 2796 980 2823 unam
1012 2782 1300 2838 quadrentem
1334 2782 1387 2824 ad
1416 2782 1595 2824 Hocke-

66 2850 178 2892 diem
198 2851 271 2908 qui
291 2851 538 2908 appellatur
555 2853 917 2910 Worthingabull
935 2870 1014 2911 pro
1031 2856 1150 2897 omni
1167 2857 1346 2899 servicio
1369 2856 1597 2898 exactione
