1834 3208
864 296 960 345 103

277 425 478 479 Alianor‚
508 399 663 470 {vidow
703 426 756 469 of
779 425 850 470 Sir
880 427 1047 471 Walter
1087 428 1293 485 Clopton‚
1327 428 1530 485 appoints
1563 426 1685 473 John

145 500 373 557 Havegod
395 500 481 542 and
502 500 624 544 John
644 500 820 544 Webbe
841 500 893 543 of
913 501 1226 558 Stokelynche‚
1247 502 1326 544 her
1347 503 1608 560 Attorneys;
1639 510 1685 545 to

143 579 189 616 to
223 579 304 629 put
325 572 536 615 Nicholas
558 573 735 628 Yonge‚
756 572 892 624 clerk,
920 573 1090 617 Robert
1110 575 1222 616 Veel
1257 575 1413 625 senior,
1443 575 1529 617 and
1550 575 1685 617 Willm

145 645 403 702 Kyngston,
435 646 527 688 into
562 645 643 688 full
673 647 917 702 possession
945 646 996 689 of
1021 646 1101 689 her
1135 647 1262 689 lands
1293 648 1339 689 in
1374 648 1685 705 Stokelynche.

143 718 307 761 March
336 720 379 762 6.
438 719 493 762 In
523 718 604 761 3rd
635 732 740 775 year
769 719 820 761 of
844 719 1001 777 Henry
1035 720 1173 764 Fifth.

401 886 492 932 No.
537 889 634 931 109.
676 888 838 947 Henry
875 888 936 934 V.
982 890 1108 935 1416.
1167 891 1276 949 July
1319 891 1358 937 1.

256 966 390 1013 Omn.
431 967 516 1010 Xti
556 967 642 1011 Fid
702 1002 714 1014 .
774 1001 786 1013 .
848 1002 860 1013 .
921 1001 933 1014 .
996 969 1180 1014 Marcus
1221 967 1461 1013 Whittoke
1507 970 1596 1013 Sal.
1638 968 1684 1013 in

143 1038 263 1082 Dno.
285 1040 508 1083 Noveritis
528 1056 599 1083 me
619 1041 848 1085 tradidisse
884 1075 895 1085 .
955 1076 967 1089 .
1029 1074 1040 1086 .
1101 1074 1112 1086 .
1159 1043 1283 1084 Will⁰
1305 1041 1522 1085 Newtone
1543 1058 1682 1085 unum

143 1113 423 1169 Burgagium
455 1128 553 1155 cum
590 1114 753 1156 curtill⁰
790 1114 1015 1171 adjacente
1050 1115 1096 1157 in
1127 1115 1440 1158 Yevelchestre
1475 1115 1601 1157 situa.
1638 1115 1685 1156 in

142 1185 253 1229 Vico
276 1186 547 1229 Occidentali
567 1186 763 1243 ejusdem
788 1188 890 1231 ville
921 1188 1037 1231 inter
1063 1189 1218 1244 burga.
1245 1202 1386 1244 nuper
1418 1187 1515 1230 Rici
1537 1188 1682 1244 Bryce

142 1274 196 1302 ex
228 1274 321 1316 par.
357 1265 490 1301 austr.
534 1265 577 1302 et
608 1261 762 1317 burga.
791 1275 934 1318 nuper
978 1261 1101 1303 Willi
1140 1262 1297 1303 Trutte
1327 1275 1381 1303 ex
1409 1275 1502 1317 par.
1547 1261 1684 1303 boria.

143 1332 264 1374 Hab.
299 1338 343 1375 et
374 1332 468 1374 Ten
527 1365 828 1377 .....
889 1334 992 1376 Hiis
1033 1334 1151 1378 Test.
1191 1334 1301 1377 Johe
1337 1333 1537 1377 Gerarde
1576 1334 1606 1377 J
1610 1333 1684 1376 ohe

142 1405 344 1462 Gyldene
374 1406 405 1449 J
408 1406 482 1448 ohe
503 1406 649 1464 Bryce
679 1407 812 1449 Willo
834 1407 1047 1449 Balsham
1074 1408 1106 1450 J
1109 1407 1184 1449 ohe
1218 1407 1421 1463 Drapere
1457 1413 1500 1449 et
1530 1407 1682 1449 multis

142 1478 238 1521 aliis
282 1478 452 1521 Datum
492 1479 611 1536 apud
646 1479 964 1523 Yevelchestre
1005 1479 1147 1536 primo
1188 1480 1258 1523 die
1293 1479 1404 1524 Julii
1443 1495 1546 1525 ann.
1586 1494 1682 1537 reg.

144 1551 257 1608 Reg.
292 1551 477 1594 Henrici
513 1551 668 1602 Quinti
703 1558 802 1609 post
831 1559 975 1609 conqm
1005 1558 1176 1609 quarto.

261 1704 444 1748 Marcus
464 1704 692 1748 Whittoke
713 1711 758 1749 to
774 1706 917 1749 Willm
932 1707 1210 1749 Newton-—a
1230 1712 1452 1750 tenement
1472 1708 1517 1750 in
1532 1707 1681 1752 West-

143 1784 289 1829 street,
320 1779 647 1822 Yevelchester.
707 1780 739 1822 J
743 1779 818 1836 uly
851 1781 889 1822 1.
917 1780 997 1821 4th
1017 1794 1122 1837 year
1152 1779 1203 1822 of
1226 1780 1400 1837 Henry,
1429 1781 1489 1832 V,

308 1946 395 1991 No.
436 1946 530 1999 110,
561 1947 721 2004 Henry
752 1946 813 1994 V,
851 1949 976 1991 1416.
1037 1949 1218 2006 Sunday
1253 1949 1431 2004 August
1465 1946 1565 1993 30.'

258 2031 408 2073 Sciant
443 2045 557 2087 pres.
591 2035 634 2072 et
665 2030 745 2072 fut.
781 2030 898 2086 quod
931 2046 1010 2073 nos
1046 2031 1275 2074 Johannes
1310 2031 1518 2074 Strecche
1552 2031 1682 2075 Will⁵

145 2104 285 2147 Gosse
306 2104 526 2145 Robertus
541 2102 654 2144 Veel
671 2108 714 2144 et
734 2103 866 2146 Wills
884 2103 1174 2160 Kyngestone
1196 2104 1486 2146 concessimus
1528 2137 1539 2147 .
1600 2137 1611 2149 .
1669 2136 1681 2148 .

145 2177 303 2219 Marco
327 2176 531 2218 Whittok
553 2175 643 2218 filio
665 2182 708 2218 et
737 2175 889 2218 heredi
909 2177 1032 2219 Willi
1051 2177 1262 2219 Whittok
1293 2176 1347 2219 de
1368 2177 1684 2220 Yevelchestre

145 2249 291 2292 omnia
322 2248 538 2305 bui-gagia
570 2254 708 2290 terras
739 2254 783 2291 et
815 2249 950 2291 ten’ta
978 2255 1127 2291 nostra
1161 2249 1377 2292 Stabellas
1412 2256 1538 2306 prata
1570 2256 1682 2307 past.

144 2322 268 2368 redd.
308 2336 419 2365 serv.
460 2326 504 2363 et
549 2335 708 2364 revers,
760 2335 861 2362 cum
901 2322 1070 2364 om’bus
1111 2322 1198 2363 suis
1239 2328 1352 2378 pert³
1393 2321 1492 2372 Que
1541 2337 1684 2379 nuper

145 2395 376 2438 habuimus
397 2409 450 2437 ex
471 2394 586 2437 dona
606 2400 650 2436 et
670 2394 783 2437 feoff.
812 2395 951 2451 pred’i
971 2395 1095 2436 Willi
1114 2395 1327 2437 Whittok
1355 2395 1400 2436 in
1425 2395 1685 2439 Somertone

145 2468 458 2512 Yevelchestre
490 2473 533 2510 et
569 2468 849 2511 Northovere
883 2469 928 2509 in
961 2468 1120 2511 Comit.
1143 2468 1333 2512 somers.
1363 2469 1484 2512 Hab.
1511 2475 1555 2511 et
1575 2469 1684 2512 Ten.

145 2542 291 2584 omnia
310 2542 447 2598 pre‘ta
467 2542 635 2598 burg’a,
657 2543 745 2592 &c.,
766 2541 936 2598 prefato
965 2541 1123 2598 Marco
1148 2547 1191 2583 et
1210 2541 1389 2585 her’bus
1417 2541 1472 2584 de
1501 2556 1684 2598 corpore

145 2628 224 2657 suo
263 2614 458 2670 legitime
509 2614 746 2670 procreatis
797 2614 984 2670 imperp.
1035 2613 1107 2656 De
1158 2613 1430 2670 Capitalibus
1480 2615 1684 2657 Dominis

147 2687 398 2730 Feodorum
427 2686 604 2729 illorum
635 2701 714 2744 per
748 2687 929 2730 servicia
959 2686 1060 2729 inde
1097 2685 1244 2729 debita
1274 2692 1319 2728 et
1343 2687 1446 2743 jure
1478 2692 1685 2730 consueta

395 2792 408 2802 .
483 2759 586 2802 Hiis
621 2759 738 2801 Test.
773 2758 905 2802 Will⁰
940 2759 1093 2801 Baker
1126 2758 1189 2801 Et
1221 2758 1329 2806 aliis,
1367 2760 1535 2801 Datum
1565 2758 1684 2815 apud

147 2832 509 2878 Yevelehestram
531 2833 728 2891 pred’am
749 2832 837 2876 Die
866 2832 1048 2877 Domin.
1075 2833 1122 2876 in
1138 2831 1341 2877 Crastino
1363 2831 1685 2876 Decollacionis
