1834 3208
891 303 951 351 52

159 430 274 487 apud
312 430 633 488 Hardyngtone
669 433 908 488 predictam
947 434 1033 476 Die
1077 433 1248 476 Sabbati
1291 448 1411 489 prOX.
1447 440 1544 490 post
1579 423 1701 478 Fest-

156 504 260 545 S'cti
283 504 446 560 Georgi
470 505 586 547 Ann.
610 520 700 561 reg.
724 505 835 562 Reg.
859 506 978 548 Edwi
998 507 1143 548 Tercii
1166 512 1262 562 post
1284 514 1424 562 ‹zonqm
1446 507 1683 550 Tricesimo

158 582 326 632 quarto.
1609 575 1614 580 ’

271 714 460 756 Thomas
511 716 703 757 Machon
751 716 802 758 of
840 716 1079 773 Chylterne
1120 716 1236 772 Vag,
1286 723 1331 758 to
1383 715 1583 758 William
1634 716 1688 759 de

157 785 407 842 Byngham,
443 802 469 828 a
508 787 657 843 yearly
693 794 791 829 rent
830 788 880 829 of
913 803 994 830 one
1034 789 1235 830 hundred
1278 788 1501 844 shillings;
1549 794 1594 830 to
1634 790 1688 831 be

155 857 295 900 levied
318 874 433 915 upon
457 860 515 901 all
537 860 602 901 his
625 860 748 901 lands
778 861 864 902 and
886 866 1126 903 tenements
1148 862 1192 902 in
1215 861 1454 917 Chylterne
1475 861 1578 917 Vag
1599 861 1685 902 and

157 932 454 988 Hardyngton
478 932 806 989 Maundevylle‚
834 934 877 974 in
899 934 973 975 the
995 934 1071 976 Co.
1095 934 1145 976 of
1185 939 1399 976 Somerset
1460 965 1469 976 .
1533 967 1542 976 .
1605 966 1614 975 .
1677 966 1686 976 .

155 1004 348 1046 Richard
394 1005 445 1046 of
478 1005 630 1048 Penne
691 1039 699 1047 .
766 1039 775 1048 .
837 1039 847 1049 .
909 1041 919 1052 .
982 1006 1124 1049 Given
1166 1013 1211 1048 at
1254 1007 1590 1063 Hardyngtone,
1631 992 1696 1048 011>

153 1078 364 1134 Saturday
397 1085 501 1120 next
536 1079 646 1121 after
674 1081 748 1122 the
787 1081 922 1122 Feast
953 1080 1004 1122 of
1041 1084 1100 1122 St.
1137 1079 1327 1136 George.
1388 1080 1443 1121 In
1475 1080 1549 1121 the
1583 1080 1698 1122 34th

154 1165 256 1206 year
291 1151 342 1193 of
372 1152 562 1193 Edward
602 1153 693 1196 III.

341 1291 428 1332 No.
460 1292 530 1332 42,
565 1290 690 1332 Edw.
723 1290 814 1333 III.
859 1292 982 1333 1361.
1043 1290 1243 1346 Tuesday
1283 1289 1400 1331 Novr
1435 1284 1505 1331 30.

269 1362 428 1403 Pateat
463 1363 674 1404 universis
716 1377 792 1418 per
827 1368 1048 1418 presentes
1090 1362 1206 1417 quod
1242 1376 1324 1418 ego
1367 1361 1590 1403 Walterus
1633 1360 1688 1403 de
1764 1402 1767 1405 .

156 1434 345 1476 Miltone
382 1435 433 1476 de
477 1435 621 1476 North
659 1435 791 1476 Peret
827 1435 1043 1477 attornavi
1079 1440 1122 1476 et
1157 1435 1202 1475 in
1241 1434 1336 1476 loco
1372 1449 1470 1476 meo
1505 1439 1689 1490 apposui

156 1507 333 1548 dilectos
347 1508 476 1548 michi
494 1508 537 1548 in
553 1507 682 1548 X’sto
700 1507 962 1548 Nicholaum
980 1507 1248 1562 Dynygtone
1262 1512 1306 1547 et
1327 1506 1469 1549 Willm
1491 1507 1691 1547 Mercere

154 1580 208 1621 de
231 1579 376 1620 North
399 1585 518 1635 peret
540 1579 806 1634 conjunctim
829 1585 871 1620 et
903 1578 1073 1620 divisim
1094 1579 1149 1620 ad
1172 1578 1423 1634 ponendum
1446 1578 1691 1619 Robertum

155 1653 305 1695 James
341 1653 385 1693 in
421 1652 595 1708 plenam
628 1658 670 1693 et
704 1652 928 1707 pacificam
950 1652 1151 1693 seisinam
1183 1652 1227 1692 in
1264 1651 1463 1693 omnibus
1490 1651 1617 1693 terris
1649 1657 1692 1693 et

154 1725 412 1766 tenementis
448 1725 583 1780 pratis
613 1731 656 1766 et
691 1725 877 1780 pasturis
916 1725 1012 1774 Que
1046 1724 1272 1767 Johannes
1309 1724 1501 1779 Stagonn
1533 1724 1587 1765 de
1620 1738 1692 1765 me

155 1798 296 1838 tenuit
329 1798 374 1838 in
409 1797 542 1840 Chilt.
576 1796 735 1852 Vagge
772 1802 814 1837 et
850 1796 983 1838 Chilt.
1021 1797 1154 1838 Dom.
1202 1796 1288 1837 Sibi
1325 1801 1367 1838 et
1400 1796 1574 1838 her’bus
1606 1795 1693 1837 suis

157 1869 370 1924 inperpet.
405 1868 548 1910 Sicud-
566 1869 609 1909 in
658 1868 844 1923 quadam
882 1873 1000 1908 carta
1032 1867 1133 1909 inde
1166 1867 1360 1909 confecta
1387 1867 1556 1923 plenius
1591 1881 1692 1908 con-

156 1943 319 1983 tinetur
357 1943 523 1984 Ratum
561 1948 602 1982 et
633 1947 807 1996 gratum
840 1941 1069 1982 habiturus
1107 1940 1310 1996 quicquid
1346 1940 1478 1981 iidem
1502 1940 1623 1981 Nicus
1645 1945 1690 1981 et

158 2015 284 2055 Wills
307 2015 456 2056 fecerit
486 2014 555 2056 vel
590 2013 770 2055 fecerint
803 2014 978 2055 nomine
1014 2028 1111 2055 meo
1146 2013 1190 2060 in
1223 2013 1442 2069 premissis
1475 2013 1530 2054 In
1562 2013 1687 2067 cujus

159 2088 220 2129 rei
251 2088 362 2130 testi.
399 2088 592 2143 pres'bus
629 2086 747 2141 Sigil.
779 2101 924 2127 meum
958 2086 1140 2142 apposui
1201 2086 1369 2127 Datum
1406 2085 1522 2141 apud
1546 2085 1693 2127 North

162 2161 295 2203 Peret
325 2161 393 2201 die
425 2160 585 2201 Martis
621 2160 665 2200 in
700 2161 830 2201 Festo
874 2160 971 2200 S’cti
1004 2159 1182 2200 Andree
1215 2158 1416 2214 Apostoli
1448 2158 1565 2200 Ann.
1601 2172 1693 2214 reg.

164 2234 276 2289 Reg.
300 2233 507 2274 Edwardi
542 2233 681 2274 Tercii
723 2248 748 2273 a
769 2238 1007 2287 conquestu
1028 2232 1244 2273 tricesimo
1266 2232 1430 2287 quinto.

221 2305 465 2346 Endorsed.
499 2304 611 2345 Lett'
646 2304 696 2346 of
724 2304 943 2359 Attornay
980 2304 1039 2359 by
1072 2303 1192 2344 Wat’
1227 2302 1278 2345 of
1305 2302 1522 2358 Myltone.

279 2452 451 2495 Walter
483 2452 535 2495 de
577 2451 738 2493 Milton
779 2450 830 2492 of
864 2450 1012 2492 North
1054 2450 1199 2500 Peret,
1240 2449 1441 2506 appoints
1484 2449 1694 2492 Nicholas

167 2526 410 2581 Dynygton
432 2525 518 2566 and
539 2524 681 2564 Willm
703 2523 880 2564 Mercer
901 2521 951 2564 of
975 2522 1122 2565 North
1145 2528 1278 2578 peret,
1301 2522 1366 2563 his
1389 2522 1629 2578 Attorneys
1649 2529 1694 2564 to

165 2604 244 2655 put
266 2598 432 2639 Robert
453 2598 482 2639 J
487 2610 602 2637 ames
623 2596 668 2636 in
703 2595 783 2636 full
813 2595 898 2636 and
921 2594 1152 2650 peaceable
1189 2596 1428 2650 possession
1463 2595 1513 2636 of
1538 2595 1596 2637 all
1619 2596 1693 2636 the

165 2671 288 2713 lands
323 2670 409 2711 and
445 2674 687 2711 tenements
722 2668 863 2709 which
899 2668 1016 2710 John
1057 2669 1254 2721 Stagonn
1286 2667 1387 2709 held
1428 2667 1477 2709 of
1509 2667 1613 2719 him,
1648 2668 1692 2709 in

168 2743 480 2798 Chilt.Vagge
512 2741 596 2782 and
640 2740 760 2783 Chilt
801 2741 932 2782 Dom.
1013 2739 1156 2782 Given
1197 2746 1241 2780 at
1284 2739 1430 2781 North
1472 2739 1606 2781 Peret
1636 2755 1690 2782 on

164 2817 377 2870 Tucfflay,
395 2816 467 2855 the
493 2816 623 2856 Feast
640 2814 689 2855 of
704 2813 766 2856 St.
786 2813 976 2855 Andrew
998 2812 1071 2854 the
1095 2812 1292 2868 Apostle.
1338 2812 1392 2854 In
1415 2813 1488 2855 the
1509 2814 1564 2854 35
1585 2827 1690 2869 year

166 2891 215 2929 of
232 2889 414 2930 Edward
442 2888 528 2929 III.
