1834 3208
878 281 973 330 144

167 409 321 452 Will’o
344 409 529 467 Hogges
550 416 593 454 et
614 412 732 454 as’tis
765 411 851 454 suis
881 426 908 453 a
939 411 1009 453 die
1030 409 1308 453 confectionis
1330 410 1535 468 pres’ium
1555 426 1692 471 usque

167 482 222 525 ad.
244 484 376 526 finem
397 484 590 526 Termini
614 485 903 541 Septuaginta
924 499 1139 526 annorum
1169 490 1274 526 tunc
1295 485 1491 540 proxime
1512 500 1693 542 sequen-

165 556 276 598 tium
316 557 508 613 plenarie
547 558 789 614 complend'
828 557 1070 599 Reddendo
1110 557 1212 599 inde
1251 558 1477 599 annuatim
1519 558 1693 602 Ballivo

167 630 280 672 dicte
317 631 488 672 Domus
523 631 830 673 Elimozinarie
869 631 943 686 qui
976 645 1056 686 pro
1091 636 1288 686 tempore
1308 630 1439 672 fuerit
1475 631 1529 673 ad
1565 646 1694 674 usum

167 702 281 745 dicte
322 704 493 745 Domus
535 704 797 755 Quindecim
830 704 988 746 solidos
1021 703 1174 759 legalis
1211 703 1396 746 Monete
1431 704 1595 760 Anglie
1636 705 1693 747 ad.

168 777 369 827 Quatuor
417 777 538 818 Anni
586 777 811 820 Terminos
860 776 1022 819 ibidem
1072 776 1242 818 usuales
1292 776 1522 819 solvendos
1572 778 1692 834 equis

167 850 442 906 porcionibus
463 865 513 891 ac
545 850 672 892 Secta
693 850 825 892 Curie
855 864 933 905 per
965 850 1272 891 racionabilem
1294 864 1509 891 summam
1529 850 1595 892 bis
1616 865 1694 906 per

167 937 329 964 annum
347 923 477 973 Quod
494 923 528 964 si
549 923 773 978 contingat
789 922 959 978 pred'm
977 922 1173 964 redd'um
1195 922 1440 978 quindecim
1456 923 1694 965 solidorum

167 1010 193 1038 a
213 1002 329 1037 retro
349 996 440 1038 fore
460 996 504 1037 in
526 1002 649 1052 parte
669 995 738 1038 vel
766 996 808 1037 in
840 1001 931 1037 toto
969 1010 1047 1051 per
1078 995 1301 1037 dimidiam
1324 995 1451 1037 unius
1472 996 1575 1037 anni
1596 1001 1695 1052 post

166 1068 355 1123 aliquem
394 1069 629 1110 terminum
673 1069 959 1110 terminorum
1005 1068 1225 1123 pre'orum
1261 1082 1348 1124 quo
1388 1068 1496 1111 solvi
1537 1068 1694 1111 debeat

169 1142 299 1191 Quod
320 1148 424 1183 tunc
444 1142 554 1184 bene
575 1141 720 1183 licebit
741 1141 864 1183 nobis
886 1141 1037 1197 pref'is
1067 1141 1185 1184 Joh'i
1217 1141 1382 1183 Thome
1405 1147 1447 1183 et
1468 1141 1619 1184 Will’o
1643 1155 1694 1183 ac

169 1215 483 1257 Communitati
514 1214 616 1256 ville
652 1214 797 1270 pred’e
832 1220 875 1256 et
913 1215 1230 1256 successoribus
1270 1214 1429 1256 nostris
1464 1214 1510 1255 in
1548 1214 1695 1256 omnia

167 1289 316 1345 pred'a
339 1288 480 1330 Mes'a
513 1288 647 1330 Bur’a
668 1294 805 1330 terras
841 1294 884 1330 et
916 1295 1042 1344 prata
1068 1302 1165 1330 cum
1197 1287 1283 1329 suis
1320 1289 1450 1343 pert's
1483 1288 1694 1329 reintrare

167 1368 211 1404 et
232 1362 426 1404 reseisire
463 1367 506 1403 et
543 1368 592 1403 ut
626 1362 671 1402 in
707 1361 888 1417 pristino
923 1367 1039 1402 statu
1071 1367 1219 1403 nostro
1255 1361 1331 1402 illa
1363 1361 1550 1403 retinere
1586 1361 1694 1403 Pre-

167 1436 359 1478 sentibus
382 1435 634 1476 Indenturis
650 1435 694 1475 in
716 1434 860 1490 aliquo
878 1449 964 1476 non
986 1435 1257 1476 obstantibus
1274 1435 1332 1476 Et
1354 1435 1497 1489 pre'us
1517 1433 1693 1476 Will’us

168 1511 353 1565 Hogges
374 1508 576 1551 convenit
608 1523 707 1549 cum
743 1508 869 1563 pre'is
898 1508 1029 1550 Joh'e
1061 1508 1230 1548 Thoma
1251 1514 1294 1549 et
1327 1507 1477 1549 Will'o
1513 1522 1563 1549 ac
1593 1522 1692 1549 cum

165 1589 257 1624 tota
278 1582 543 1624 comunitate
564 1587 606 1623 et
628 1582 942 1623 successoribus
975 1581 1061 1622 suis
1092 1581 1221 1622 modo
1250 1588 1293 1622 et
1314 1580 1454 1622 forma
1474 1581 1692 1636 sequenti-

166 1655 387 1699 bus-viz.
444 1655 560 1696 That
580 1654 634 1696 he
655 1654 729 1696 the
750 1654 879 1711 sayde
904 1654 1074 1695 Will'm
1096 1669 1144 1696 or
1166 1654 1378 1710 Assignez
1403 1653 1540 1695 shalle
1572 1668 1692 1695 newe

165 1729 296 1771 make
337 1743 362 1770 a
403 1729 565 1769 Howse
600 1728 702 1769 with
745 1734 868 1769 stone
909 1728 1053 1769 walles
1086 1728 1121 1769 &
1156 1742 1286 1769 cover
1318 1727 1392 1768 the
1436 1741 1553 1768 same
1587 1726 1693 1768 with

164 1802 272 1859 Tyle
295 1816 412 1858 upon
449 1801 522 1843 the
555 1801 684 1856 sayde
720 1801 763 1841 iii
801 1802 937 1856 Burg'
962 1816 1082 1843 nowe
1119 1806 1163 1842 at
1199 1800 1273 1842 the
1301 1800 1523 1856 makynge
1545 1799 1701 1841 hereos

165 1882 242 1917 not
263 1874 451 1931 byldyde
473 1880 747 1930 contanynge
768 1889 826 1930 yn
847 1874 920 1915 the
948 1889 1065 1915 same
1086 1889 1111 1915 a
1133 1873 1269 1915 Halle
1292 1873 1395 1914 with
1418 1888 1441 1914 a
1465 1873 1693 1929 Chymney

166 1949 209 1989 A
232 1947 441 1989 Kecbene
462 1946 567 1987 with
588 1962 613 1987 a
635 1946 864 2002 Chymney
886 1947 920 1987 Kc
943 1952 985 1988 to
1009 1946 1282 1988 Chambours
1316 1960 1419 1988 over
1448 1946 1567 1986 them
1587 1945 1692 1987 with

164 2026 210 2062 to
243 2020 494 2076 Chymneys
530 2018 717 2074 Withyn
747 2018 822 2059 the
853 2032 979 2073 space
1011 2018 1061 2059 of
1090 2018 1117 2068 ii
1161 2033 1282 2074 yeres
1318 2024 1422 2059 next
1457 2033 1692 2075 commyng

164 2093 268 2135 And
303 2099 348 2134 to
386 2092 501 2148 kepe
526 2106 640 2148 uppe
673 2106 826 2148 repare
858 2092 893 2132 ἃ
930 2097 1192 2148 mayntayne
1221 2106 1266 2132 as
1298 2091 1420 2133 welle
1452 2092 1526 2133 the
1560 2092 1691 2148 sayde

163 2181 285 2208 newe
308 2166 471 2208 Howse
492 2179 538 2206 as
570 2164 628 2206 all
654 2165 728 2206 the
764 2165 887 2206 other
925 2164 1147 2220 Messuag'
1179 2165 1213 2206 &
1244 2164 1369 2206 other
1402 2165 1624 2220 premissiz
1646 2170 1692 2206 at

162 2240 244 2296 hys
284 2252 469 2295 propere
510 2243 646 2279 costes
687 2238 868 2293 charges
910 2238 945 2278 &
986 2252 1198 2293 expences
1240 2238 1343 2279 And
1384 2238 1575 2279 towarde
1615 2237 1690 2280 the

162 2312 385 2368 byldynge
406 2310 456 2352 of
469 2310 543 2351 tbe
560 2324 677 2351 same
694 2315 738 2351 to
755 2324 907 2351 receve
928 2309 978 2351 of
991 2309 1065 2350 the
1086 2310 1217 2365 sayde
1235 2310 1293 2349 W
1299 2309 1405 2350 ill’m
1430 2311 1690 2366 Raymonde

162 2385 233 2426 VI
256 2384 301 2427 li.
337 2383 448 2434 xiiis.
484 2382 591 2433 iiijd.
642 2381 707 2424 Of
729 2382 802 2423 the
824 2382 947 2437 wych
969 2382 993 2423 I
1015 2382 1146 2423 know
1168 2382 1346 2438 myselfe
1369 2382 1490 2424 welle
1512 2384 1546 2424 Sc
1567 2383 1688 2440 truly

161 2464 207 2501 to
229 2459 283 2501 be
304 2455 565 2511 contentyde
586 2456 621 2496 &
643 2455 784 2511 payde
805 2456 861 2511 by
877 2455 972 2496 thes
989 2461 1210 2510 presentes
1229 2455 1281 2496 In
1303 2455 1424 2512 cujus
1445 2456 1506 2497 rei
1528 2457 1688 2500 testim.

161 2532 238 2573 uni
269 2530 382 2587 parti
413 2529 570 2569 harum
594 2528 931 2570 Indenturaram
956 2542 1086 2583 penes
1115 2528 1281 2584 pred’m
1309 2528 1480 2570 Will'm
1503 2529 1689 2585 Hogges

160 2603 401 2647 remanenti
443 2601 610 2643 Prefati
649 2601 800 2644 Joh'es
842 2601 967 2644 Cuffe
1016 2601 1205 2643 Thomas
1248 2601 1472 2643 Hawkere
1513 2602 1687 2645 Will’us

160 2674 419 2733 Raymonde
451 2680 494 2716 et
526 2674 641 2715 dicta
667 2673 777 2715 Tota
799 2673 1100 2716 Communitas
1135 2674 1281 2729 pred'e
1314 2673 1416 2716 ville
1449 2673 1503 2716 de
1525 2675 1686 2717 Yevel-

162 2749 330 2791 chestre
347 2746 633 2790 Communem
654 2744 859 2800 Sigillum
878 2745 982 2787 ville
1002 2746 1148 2802 pred’e
1167 2747 1212 2787 in
1234 2746 1314 2788 hac
1336 2752 1459 2802 parte
1481 2746 1687 2788 usitatum

159 2825 455 2879 apposuerunt
476 2819 619 2862 Alteri
638 2833 741 2862 vero
758 2818 873 2875 parti
892 2832 1042 2861 earum
1078 2819 1178 2861 Ind’
1203 2833 1328 2862 arum
1361 2834 1492 2876 penes
1519 2819 1679 2876 pref’os
