1834 3208
794 296 857 346 25

61 429 274 481 Bernard,
304 431 509 476 ,Iohanne
546 430 664 472 Love
693 430 874 480 seniore,
904 424 1102 470 Waltero
1136 428 1372 480 Frommie‚
1406 427 1587 484 Rogero

60 508 196 563 Page,
237 505 414 561 Rogero
456 503 510 545 de
549 503 722 553 Trente‚
772 509 816 543 et
864 501 1012 542 multis
1061 502 1167 544 aliis.
1260 502 1431 542 Datum
1475 501 1593 556 apud

59 579 340 622 Ivelcestram
376 577 445 618 die
481 576 694 618 Mercurii
724 576 769 616 in
805 575 937 616 Festo
966 575 1280 630 Apostolorum
1314 574 1515 630 Philippi
1548 580 1592 616 et

58 654 87 697 J
91 653 212 695 acobi
233 653 364 693 Anno
386 650 510 705 regni
531 649 666 705 Regis
689 648 899 690 Edwardi
927 647 1002 689 filii
1025 649 1159 704 Regis
1182 646 1393 689 Edwardi
1415 648 1574 703 primo.

176 774 343 816 Robert
366 772 472 815 Cole
505 771 555 813 of
580 771 816 813 Ivelcester
850 776 895 812 to
923 770 1098 812 Walter
1121 769 1228 812 Cole
1290 800 1596 812 .....

60 861 142 888 one
163 860 274 895 acre,
295 844 381 885 and
403 858 485 885 one
506 843 623 884 sixth
646 849 743 899 part
766 842 816 884 of
837 857 893 883 an
915 856 1027 893 acre,
1050 842 1095 882 in
1123 841 1199 883 the
1220 857 1374 883 manor
1397 842 1447 883 of
1476 841 1596 883 Soke

62 920 240 975 Deneys
280 932 385 959 near
427 917 676 959 Ivelcester.
755 916 920 958 Which
961 930 1060 957 acre
1100 915 1177 956 lies
1220 916 1264 956 in
1306 915 1381 957 the
1424 915 1597 964 Marsh‚

60 994 255 1036 between
276 1006 301 1033 a
322 991 424 1032 field
446 990 496 1032 of
509 990 584 1031 the
604 989 701 1031 lord
722 989 773 1031 of
799 989 942 1030 Socke
981 1004 1037 1030 on
1067 989 1141 1030 the
1163 988 1306 1038 West,
1338 988 1425 1030 and
1448 1003 1472 1029 a
1494 988 1598 1029 field

62 1066 111 1108 of
125 1066 198 1107 the
221 1066 381 1106 Rector
402 1063 452 1105 of
465 1063 539 1104 the
578 1077 695 1104 same
717 1068 834 1103 town
862 1076 919 1103 on
955 1062 1028 1102 the
1066 1061 1187 1103 East.
1249 1061 1354 1102 And
1383 1062 1458 1102 the
1481 1060 1599 1102 sixth

61 1145 160 1196 part
198 1138 275 1179 lies
295 1137 341 1178 in
363 1135 636 1178 Sestermede
658 1134 1009 1187 (Chestirmede),
1045 1135 1090 1175 in
1127 1134 1202 1175 the
1236 1134 1433 1190 Forlang
1457 1133 1600 1175 called

63 1209 369 1266 Laumphylle‚
418 1210 612 1250 between
652 1207 727 1247 the
770 1206 976 1248 Meadow
1027 1206 1078 1247 of
1109 1206 1185 1248 the
1227 1203 1357 1247 Prior
1398 1206 1449 1248 of
1483 1207 1598 1247 Ber-

61 1284 270 1339 mondsey
290 1297 347 1324 on
367 1282 441 1323 the
466 1281 626 1330 North,
648 1279 735 1321 and
757 1280 853 1321 that
884 1278 935 1320 of
958 1279 1032 1320 the
1054 1279 1151 1320 lord
1187 1279 1237 1321 of
1268 1279 1411 1321 Socke
1445 1294 1501 1321 on
1523 1279 1600 1320 the

64 1357 218 1402 South.
290 1355 354 1397 To
396 1353 521 1395 Hold
587 1384 596 1394 .
660 1383 669 1394 .
732 1384 742 1393 .
801 1384 811 1393 .
883 1350 933 1393 of
966 1351 1041 1392 the
1084 1351 1217 1392 Head
1258 1351 1376 1394 lords
1419 1351 1469 1394 of
1503 1352 1601 1393 that

64 1431 154 1473 Fee
214 1463 223 1472 .
286 1461 297 1472 .
360 1460 370 1470 .
433 1459 442 1469 .
563 1428 862 1480 (counterpart
883 1423 933 1465 of
948 1423 1219 1480 preceding.)

239 1572 326 1614 No.
361 1573 428 1613 17.
472 1570 599 1612 Edw.
629 1570 694 1612 II.
740 1571 864 1611 1312.
911 1569 1143 1625 Saturday,
1176 1568 1309 1611 Novr.
1345 1569 1412 1611 18.

181 1653 395 1696 Omnibus
432 1651 597 1694 Christi
633 1650 858 1693 Fidelibus
889 1650 944 1692 ad
977 1664 1085 1706 quos
1117 1664 1231 1705 pres.
1260 1649 1387 1706 scrip.
1426 1663 1601 1705 perven.

65 1726 291 1772 Walterus
331 1726 471 1767 dictus
522 1724 562 1765 le
605 1723 855 1765 Muleward
905 1723 959 1764 de
997 1723 1209 1764 Suwerke
1246 1721 1335 1764 Sal.
1378 1723 1423 1763 in
1465 1722 1600 1763 Dom.

68 1798 288 1840 Noveritis
321 1812 391 1839 me
426 1796 642 1838 relaxasse
677 1802 720 1837 et
747 1796 925 1837 omnino
947 1795 1144 1851 quietum
1176 1794 1385 1836 clamasse
1416 1809 1494 1850 pro
1527 1809 1598 1835 me

66 1871 200 1913 herbus
233 1877 275 1912 et
300 1871 427 1925 assig.
455 1869 784 1926 meis-Johanni
821 1868 875 1909 de
898 1867 1175 1909 Middeltone
1208 1867 1356 1909 hered.
1393 1873 1435 1908 et
1470 1868 1598 1923 assig.

67 1945 153 1986 suis
173 1945 334 1986 Totum
349 1945 422 2000 jus
445 1949 487 1984 et
508 1942 712 1984 clamium
735 1942 851 1998 quod
873 1941 1005 1983 habui
1026 1940 1097 1982 vel
1118 1941 1263 1996 aliquo
1285 1940 1415 1982 modo
1438 1941 1600 1983 habere

67 2018 188 2074 potui
220 2018 265 2058 in
306 2017 504 2059 omnibus
545 2006 672 2057 terris
709 2022 751 2057 et
788 2015 1046 2056 tenementis
1089 2029 1173 2069 que
1214 2014 1331 2055 idem
1372 2014 1598 2057 Johannes

68 2091 218 2133 habuit
253 2092 307 2133 de
339 2091 453 2132 dono
490 2096 532 2131 et
565 2089 841 2132 feoffamento
861 2088 890 2131 J
894 2088 1076 2130 ohannis
1104 2088 1144 2128 le
1176 2087 1426 2129 Muleward
1461 2088 1598 2143 patris

69 2163 154 2205 mei
185 2164 231 2204 in
261 2162 667 2219 Ffaggeschilterne
705 2167 747 2203 et
784 2160 1262 2202 Dummereschilterne
1298 2161 1342 2201 in
1377 2160 1600 2203 Comitatu

70 2237 328 2280 Somersetie
351 2236 422 2277 Ita
441 2235 556 2292 quod
578 2250 658 2276 nec
679 2249 760 2290 ego
783 2234 922 2275 dictus
944 2233 1171 2275 Walterus
1193 2249 1272 2275 nec
1295 2234 1385 2275 her.
1408 2235 1494 2275 mei
1516 2249 1598 2276 nec

70 2310 223 2365 aliquis
244 2308 420 2350 nomine
441 2314 587 2349 nostro
609 2307 772 2363 aliquid
788 2307 900 2363 juris
921 2306 990 2348 vel
1023 2306 1167 2348 clamii
1189 2307 1234 2347 in
1265 2308 1387 2363 pred.
1410 2308 1523 2349 tentis
1546 2308 1600 2349 de

71 2389 211 2425 cetero
251 2382 425 2437 exigere
464 2381 534 2423 vel
575 2381 763 2422 clamare
795 2380 1032 2436 poterimus
1067 2380 1144 2421 Set
1179 2382 1233 2422 ab
1274 2381 1393 2421 omni
1429 2382 1598 2424 actione

71 2470 217 2496 sumus
239 2454 402 2496 exclusi
422 2454 627 2509 inperpm.
672 2453 727 2494 In
750 2453 871 2509 cujus
893 2453 955 2493 rei
977 2459 1074 2494 test.
1101 2453 1372 2508 presentibus
1395 2453 1600 2510 Sigillum

70 2543 217 2570 meum
237 2527 418 2583 apposui
452 2527 620 2568 Datum
649 2527 766 2582 apud
793 2526 1233 2567 Westmonasterium
1261 2526 1331 2568 die
1355 2528 1533 2569 Sabbati
1556 2528 1601 2569 in

73 2602 238 2643 Octavo
261 2600 409 2642 Sancti
432 2600 617 2641 Martini
638 2614 752 2641 anno
775 2598 922 2654 Regni
944 2599 1080 2655 Regis
1103 2599 1311 2642 Edwardi
1340 2600 1441 2641 Filii
1466 2601 1601 2656 Regis

74 2674 283 2715 Edwardi
323 2672 455 2715 Sexto
498 2673 600 2714 Hiis
640 2673 757 2715 Test.
795 2672 987 2714 Ricardo
1023 2673 1077 2714 de
1123 2673 1323 2729 Rodeny‚
1358 2673 1602 2715 Willielmo

75 2745 289 2794 Malerbe,
309 2745 508 2787 Waltero
530 2745 583 2786 de
607 2744 868 2802 Cumptone,
899 2745 1075 2801 Rogero
1098 2745 1137 2787 le
1161 2744 1376 2801 Gyldene‚
1397 2746 1426 2788 J
1430 2746 1602 2788 ohanne

78 2817 130 2859 de
171 2817 387 2868 Chiltone,
422 2818 484 2860 Et
519 2817 628 2860 aliis.
