1834 3208
831 295 858 333 ἒ)

87 425 369 481 impressione
403 423 602 463 roboravi
642 421 741 461 Hiis
775 419 1163 461 Testibus—-Wi110
1201 420 1399 469 Bas-tami,
1428 418 1618 472 Hugone

87 499 140 539 de
164 499 205 539 la
222 497 402 546 Venele,
419 495 641 551 Stephano
658 494 711 535 de
730 493 1016 549 Brumlyghe,
1034 493 1157 533 Vvill¹=
1179 494 1409 548 Dzzubeny,
1428 492 1619 533 Roberto

86 571 213 626 Tryz,
231 570 429 611 XValterO
454 568 687 624 Wytbryd,
706 567 832 607 Will⁰
849 567 1028 607 Teissun
1052 567 1206 607 clerico
1221 568 1294 622 qui
1309 568 1389 608 hoc
1406 567 1616 621 scriptum

86 644 353 700 composuit3
387 643 448 683 Et
469 642 577 683 aliis.

200 794 319 841 John
357 797 469 838 Albe
496 796 547 838 of
577 796 809 837 Ivelcester
842 804 885 837 to
924 796 1070 852 Ralph
1112 797 1415 838 Herward—a
1437 798 1546 852 shop
1578 798 1621 837 in

88 873 347 928 Chepstrete
389 872 432 912 in
474 871 548 912 the
580 885 699 911 same
730 870 879 920 Town‚
916 885 961 911 as
995 885 1020 911 a
1057 871 1274 926 marriage
1309 872 1479 927 portion
1517 871 1617 911 with

89 947 280 988 Matilda
301 946 367 987 his
388 944 785 1001 grand-daughter,
816 944 888 985 the
912 944 1129 1000 daughter
1151 945 1200 986 of
1225 945 1421 986 William
1458 946 1496 987 le
1521 946 1621 987 Keu

88 1020 243 1072 (Cocul
272 1020 356 1061 No.
377 1021 422 1071 2)
455 1018 505 1060 of
537 1019 806 1073 Limington.
867 1018 960 1059 The
984 1018 1093 1073 shop
1126 1020 1284 1061 situate
1321 1021 1514 1060 between
1549 1020 1622 1060 the

87 1093 197 1149 shop
219 1093 269 1134 of
286 1092 427 1145 Hugh
450 1091 490 1132 le
516 1091 608 1131 Rus
630 1091 714 1132 and
739 1091 812 1131 the
836 1091 942 1146 yard
976 1091 1026 1132 of
1049 1091 1197 1147 Roger
1232 1092 1401 1148 Payvot
1434 1108 1537 1134 near
1563 1093 1625 1133 La

90 1167 223 1208 Lane.

255 1350 341 1394 No.
359 1356 400 1404 4,
423 1353 834 1409 undated—Henry
859 1354 948 1396 111.
972 1369 1021 1395 or
1041 1354 1230 1395 Edward
1257 1353 1307 1402 I.‚
1330 1352 1462 1409 early.

207 1427 355 1469 Sciant
378 1435 599 1484 presentes
631 1435 674 1470 et
705 1428 840 1469 futuri
869 1428 984 1484 quod
1017 1443 1099 1484 ego
1133 1429 1293 1470 Petrus
1326 1430 1379 1471 de
1405 1430 1627 1485 Draycote

90 1501 270 1542 clericus
312 1501 411 1542 dedi
444 1502 635 1543 concessi
673 1508 715 1542 et
749 1501 829 1541 hac
863 1502 1050 1556 presenti
1087 1508 1207 1543 carta
1242 1517 1338 1544 mea
1373 1503 1629 1544 confirmavi

90 1574 335 1616 Willielmo
365 1575 404 1616 le
439 1576 542 1616 Keu
574 1576 627 1617 de
660 1575 936 1631 Lymyntone
964 1582 1006 1616 et
1040 1576 1170 1618 Sarre
1205 1578 1328 1618 uxori
1363 1578 1456 1634 ejus
1490 1593 1627 1618 unum

91 1649 365 1704 mesuagium
387 1649 431 1689 in
454 1649 731 1705 Lymyntone
754 1648 867 1704 quod
901 1649 1075 1704 quidem
1110 1652 1380 1707 mesuagium
1412 1651 1542 1692 situm
1566 1659 1629 1693 est

91 1723 205 1763 inter
240 1728 537 1764 tenementum
576 1723 679 1764 dicti
715 1721 838 1763 Willi
872 1722 912 1764 le
946 1723 1047 1764 Keu
1091 1730 1134 1765 et
1175 1731 1470 1766 tenementum
1524 1734 1628 1769 tunc

91 1797 215 1838 Willi
244 1798 417 1854 Byssop
441 1797 710 1838 Habendum
734 1804 777 1838 et
791 1797 1048 1839 Tenendum
1067 1804 1206 1839 totum
1226 1799 1390 1840 dictum
1407 1807 1629 1842 tenemen-

92 1878 185 1913 tum
208 1887 305 1913 cum
324 1872 525 1912 omnibus
547 1872 633 1913 suis
652 1871 928 1927 pertinenciis
964 1871 1089 1913 dictis
1120 1872 1248 1913 Will⁰
1269 1880 1312 1914 et
1344 1873 1472 1915 Sarre
1505 1875 1629 1916 uxori

91 1946 184 2002 ejus
205 1952 248 1986 et
264 1945 494 1986 heredibus
516 1960 667 1986 eorum
690 1945 743 1986 de
757 1960 826 1987 me
849 1951 891 1987 et
913 1945 1142 1987 heredibus
1164 1946 1253 1988 sive
1269 1949 1498 2003 assignatis
1521 1950 1626 1991 meis

93 2020 229 2061 libere
250 2020 396 2076 quiete
418 2020 586 2075 integre
618 2021 728 2060 bene
761 2026 803 2060 et
835 2020 878 2060 in
912 2034 1018 2075 pace
1052 2020 1154 2076 jure
1188 2021 1449 2064 hereditario
1471 2023 1630 2079 imper-

94 2100 274 2150 petuum
299 2093 542 2134 Reddendo
559 2093 661 2134 inde
674 2094 900 2134 annuatim
925 2094 1023 2135 Deo
1037 2100 1079 2134 et
1104 2094 1241 2136 Beate
1266 2095 1411 2138 Marie
1434 2097 1629 2139 Ecclesie

95 2167 149 2208 de
173 2167 453 2223 Lymyntona
487 2166 595 2207 duos
627 2166 786 2208 solidos
823 2167 877 2208 ad
906 2168 1265 2209 sustentationem
1297 2176 1484 2225 quatuor
1514 2187 1630 2213 cere-

95 2255 220 2283 orum
253 2241 294 2281 in
334 2240 450 2281 dicta
483 2239 681 2281 Ecclesia
713 2254 791 2295 per
824 2255 989 2281 annum
1050 2241 1269 2284 Videlicet
1304 2250 1404 2285 ante
1442 2244 1629 2287 Crucem

96 2314 204 2355 duos
226 2328 371 2354 cereos
392 2313 452 2353 Et
468 2319 568 2354 ante
591 2312 744 2354 Altare
760 2313 898 2355 Beate
918 2314 1063 2356 Marie
1079 2315 1276 2372 Virginis
1299 2333 1435 2359 unum
1458 2335 1630 2362 cereum

97 2388 159 2429 Et
190 2394 291 2429 ante
326 2386 480 2428 Altare
516 2385 665 2428 Sancti
695 2386 912 2429 Leonardi
952 2404 1086 2430 unum
1131 2405 1304 2432 cereum
1349 2393 1410 2434 Et
1445 2394 1552 2435 mihi
1588 2403 1631 2436 et

96 2460 328 2503 heredibus
351 2459 457 2501 meis
477 2458 547 2500 vel
578 2458 685 2500 meis
717 2459 947 2515 assignatis
980 2461 1084 2503 dicti
1119 2462 1388 2506 &Villielmus
1422 2473 1464 2507 et
1501 2467 1633 2509 Sarra

99 2534 165 2575 vel
186 2548 340 2576 eorum
372 2532 553 2574 heredes
589 2547 721 2573 unam
743 2547 887 2574 rosam
924 2534 979 2575 ad
1017 2535 1197 2577 Festum
1237 2537 1491 2581 Nativitatis
1529 2541 1634 2582 S’cti

97 2607 312 2650 Johannis
349 2607 548 2662 Baptiste
592 2621 671 2662 pro
714 2607 831 2648 omni
878 2609 1058 2651 servicio
1100 2612 1324 2654 exactione
1367 2621 1409 2655 et
1450 2616 1634 2657 seculari

99 2681 314 2723 demanda
337 2681 397 2722 Et
419 2687 465 2721 ut
496 2680 576 2722 hec
610 2695 708 2721 mea
743 2681 923 2724 donacio
960 2685 1177 2726 concessio
1210 2692 1252 2727 et
1284 2689 1494 2743 presentis
1516 2698 1634 2732 carte

99 2768 193 2795 mee
215 2753 487 2796 confirmatio
525 2753 640 2794 Rata
673 2753 728 2794 sit
749 2759 792 2795 et
822 2755 987 2797 stabilis
1014 2757 1337 2814 imperpetuum
1376 2762 1508 2804 Hanc
1538 2779 1634 2819 pre-

102 2833 267 2870 sentem
305 2827 484 2870 Cartam
517 2842 660 2869 meam
694 2827 837 2884 Sigilli
873 2830 958 2871 mei
995 2830 1276 2886 impressione
1310 2837 1509 2878 roboravi
1534 2839 1634 2880 Hiis
