1834 3208
896 276 956 325 85

156 405 300 449 fratris
341 405 555 450 Johannis
600 407 869 452 Herewarde
908 409 964 451 de
1002 408 1317 454 Yevelchestre
1353 410 1442 455 Sal.
1485 412 1529 454 in
1573 411 1694 458 Dno.

157 480 377 523 Noveritis
410 495 479 522 me
511 481 726 522 remisisse
787 513 797 524 .
859 513 869 524 .
932 514 942 524 .
1003 513 1014 524 .
1077 483 1271 526 Roberto
1304 484 1415 527 Veel
1445 485 1620 528 her'bus
1650 492 1694 528 et

155 554 284 609 assig.
304 554 391 595 suis
412 554 571 595 Totum
597 555 670 611 jus
707 570 851 596 meum
914 589 924 599 .
986 588 997 597 .
1058 587 1069 598 .
1133 589 1142 598 .
1203 557 1247 598 in
1279 559 1479 600 omnibus
1501 559 1628 600 terris
1651 565 1695 600 et

154 629 267 668 tenti³
329 660 339 670 .
401 660 412 671 .
473 660 482 668 .
545 659 555 670 .
625 643 709 684 que
738 628 852 670 idem
875 629 1093 673 Robertus
1119 630 1233 673 Veel
1265 631 1397 673 habet
1425 639 1467 673 et
1499 638 1618 674 tenet
1648 632 1694 673 in

154 699 471 742 Yevelchestre
513 701 660 744 Sooke
703 702 857 759 Denys
907 710 950 745 et
993 703 1299 760 Lymyngtone
1341 704 1413 746 Ita
1453 704 1569 761 quod
1611 719 1692 761 ego

152 774 276 828 pred⁸
297 774 419 817 Johe'
444 775 713 817 Herewarde
741 775 795 818 de
825 777 1071 819 Yeveltone
1107 793 1186 820 nec
1221 777 1402 820 heredes
1466 811 1475 821 .
1538 811 1547 821 .
1609 810 1621 822 .
1682 809 1694 823 .

152 845 240 888 Sed
263 848 317 889 ab
339 848 456 889 omni
473 848 647 890 accione
661 850 775 905 juris
792 865 868 892 seu
890 850 1043 892 clamei
1065 851 1167 893 inde
1196 852 1371 907 petendi
1402 858 1478 894 aut
1499 850 1692 893 habendi

150 919 280 961 simul
317 920 475 962 exclusi
514 936 592 977 per
633 922 809 977 pres’tes
851 923 1020 979 inperp.
1059 923 1117 965 Et
1156 939 1239 980 ego
1271 939 1374 967 vero
1412 924 1534 981 pred³
1569 923 1691 967 Johe⁸

151 991 422 1034 Herewarde
443 993 497 1034 de
518 993 765 1036 Yeveltone
787 1001 829 1036 et
850 995 1031 1036 heredes
1052 996 1138 1037 mei
1160 997 1307 1038 omnia
1324 998 1519 1054 predicta
1538 1004 1692 1048 terras,

149 1065 238 1115 &c.‚
260 1065 427 1120 prefato
452 1066 646 1108 Roberto
668 1066 780 1108 Veel
803 1066 978 1109 her'bus
1013 1074 1056 1109 et
1092 1068 1220 1124 assig.
1250 1070 1335 1111 suis
1369 1076 1520 1112 contra
1541 1084 1691 1112 omnes

147 1146 301 1195 gentes
322 1139 722 1181 WVarantizabimus
749 1140 1067 1195 aquietabimus
1102 1147 1145 1182 et
1178 1141 1462 1183 defendemus
1484 1157 1561 1199 per
1593 1157 1690 1198 pre-

147 1219 292 1253 sentes
342 1211 528 1266 imperp.
576 1211 630 1251 In
678 1212 802 1267 cujus
853 1211 915 1252 rei
968 1218 1066 1254 test.
1114 1213 1238 1269 Sigil.
1295 1228 1442 1255 meum
1496 1214 1691 1269 pres’bus

146 1285 329 1341 apposui
382 1285 442 1325 Et
493 1284 594 1339 quia
636 1284 839 1340 Sigillum
881 1300 1028 1327 meum
1072 1286 1270 1342 pluribus
1312 1293 1376 1328 est
1416 1287 1689 1343 incognitum

145 1358 337 1415 sigillum
388 1357 615 1399 willielmi
659 1358 894 1400 Whittoke
940 1359 994 1400 de
1036 1360 1352 1403 Yevelchestre
1395 1361 1477 1402 hiis
1527 1359 1690 1416 apponi

145 1432 374 1488 procuravi
428 1432 485 1473 Et
537 1445 618 1486 ego
670 1431 813 1486 pred’s
871 1431 998 1472 WillS
1051 1433 1284 1475 Whittoke
1341 1433 1397 1475 ad
1457 1433 1689 1489 specialem

144 1512 347 1561 rogatum
391 1504 585 1560 ejusdem
627 1503 741 1546 Johis
785 1503 1055 1546 Herewarde
1101 1505 1153 1547 de
1195 1506 1442 1548 Yeveltone
1484 1505 1689 1561 Sigillum

144 1592 291 1619 meum
332 1578 375 1618 in
411 1577 708 1618 testimonium
751 1576 1061 1631 premissorum
1102 1578 1264 1633 apponi
1305 1577 1387 1620 feci
1430 1578 1530 1619 Hiis
1571 1578 1689 1622 Test.

143 1651 173 1694 J
177 1651 251 1692 ohe
281 1650 419 1693 Wike
455 1649 509 1691 de
544 1649 794 1705 Nyenhude
830 1649 1000 1690 Thoma
1034 1649 1164 1692 Niter
1185 1650 1315 1691 Will⁰
1338 1651 1558 1693 Roucetre
1583 1651 1613 1694 J
1617 1651 1691 1693 ohe

145 1723 412 1766 Comelonde
449 1722 579 1763 Will⁰
610 1722 902 1779 Kyngestone
935 1723 963 1765 J
968 1722 1042 1764 ohe
1070 1723 1283 1766 Mascalle
1312 1730 1356 1765 et
1388 1723 1483 1765 aliis
1521 1726 1690 1767 Datum

143 1798 400 1840 duodecimo
422 1797 491 1839 die
520 1796 688 1838 Mensis
719 1796 886 1852 Aprilis
914 1811 1016 1840 ann,
1047 1811 1141 1853 reg.
1165 1797 1278 1854 Reg.
1310 1798 1498 1839 Heni-ici
1530 1797 1690 1848 Quarti

143 1872 294 1914 tercio.

256 2009 379 2053 John
402 2008 673 2051 Herewarde
704 2008 754 2050 of
778 2007 1034 2059 Yeovilton‚
1055 2023 1133 2050 son
1164 2009 1250 2051 and
1287 2009 1381 2052 heir
1412 2009 1462 2052 of
1493 2008 1689 2052 Richard

145 2081 418 2124 Herewarde
460 2081 510 2123 of
554 2081 825 2136 Limington‚
872 2080 1053 2123 brother
1103 2081 1154 2123 of
1186 2082 1307 2125 John
1350 2082 1597 2124 Hereward
1647 2081 1699 2124 of

142 2155 563 2198 Yevelchester—-to
586 2154 755 2196 Robert
790 2153 915 2197 Veel.
946 2154 1024 2195 All
1058 2169 1131 2211 my
1152 2155 1272 2211 right
1304 2155 1389 2197 and
1417 2155 1513 2197 title
1547 2155 1592 2196 in
1629 2154 1690 2197 all

142 2228 217 2273 the
238 2229 363 2270 lands
384 2232 486 2270 tents
509 2228 595 2269 and
620 2228 744 2270 other
767 2233 975 2284 property
998 2228 1137 2270 which
1163 2229 1333 2271 Robert
1356 2229 1468 2271 Veel
1500 2229 1578 2270 has
1600 2228 1688 2270 and

143 2301 269 2343 holds
290 2301 334 2342 in
351 2300 680 2349 Yevelehester,
698 2299 816 2342 Sock
845 2300 1010 2356 DenyS‚
1030 2300 1116 2342 and
1137 2300 1392 2354 Limington
1456 2333 1466 2343 .
1530 2333 1541 2343 .
1603 2334 1614 2342 .

142 2374 228 2416 and
249 2375 432 2416 because
452 2389 524 2430 my
547 2373 637 2415 seal
657 2373 692 2415 is
714 2373 941 2414 unknown
963 2379 1007 2414 to
1028 2379 1141 2415 most
1164 2388 1356 2429 persons,
1373 2374 1395 2415 Ι
1419 2374 1530 2417 have
1551 2375 1688 2418 taken

142 2461 241 2488 care
261 2446 358 2488 that
379 2446 454 2488 the
477 2446 578 2490 Sea]
600 2445 649 2488 of
665 2444 807 2486 Willm
828 2445 1079 2494 Whittoke,
1100 2445 1151 2487 of
1175 2446 1505 2498 Yevelchester‚
1527 2447 1686 2489 should

140 2520 194 2561 be
239 2525 304 2560 set
344 2525 390 2560 to
435 2518 557 2560 these
603 2522 814 2572 presents.
876 2517 979 2558 And
1026 2518 1048 2558 I
1094 2517 1169 2558 the
1215 2517 1495 2560 aforenamed
1542 2518 1689 2560 Willm

140 2591 406 2648 Whyttoke,
423 2598 467 2634 at
487 2591 562 2633 the
578 2589 739 2646 special
762 2595 936 2645 request
952 2589 1003 2632 of
1016 2590 1091 2632 the
1108 2605 1226 2632 same
1256 2591 1378 2634 John
1417 2591 1689 2634 Herewarde

141 2665 192 2707 of
205 2665 458 2717 Yeovilton‚
488 2665 599 2706 have
625 2662 783 2705 caused
816 2678 888 2720 my
920 2664 1020 2705 Seal
1054 2670 1099 2706 to
1135 2665 1188 2706 be
1223 2664 1397 2709 affixed‚
1433 2665 1478 2706 in
1513 2665 1689 2706 witness

141 2738 192 2779 of
220 2738 294 2780 the
331 2738 561 2794 premisses
624 2768 634 2779 .
774 2768 783 2778 .
843 2769 852 2778 .
911 2737 1032 2780 John
1055 2737 1192 2779 Wike
1215 2737 1264 2779 of
1281 2737 1542 2795 Nynehead,
1560 2737 1682 2780 John

142 2811 425 2862 Comelonde,
458 2812 548 2860 &c.‚
585 2768 716 2867 April
757 2812 823 2861 12,
856 2810 936 2852 3rd
975 2811 1094 2854 Hen.
1134 2811 1216 2854 IV.
