1834 3208
806 286 867 338 47

72 420 324 465 confirmavi
358 418 576 475 Magistro
608 417 809 460 Waltero
842 419 965 460 Isaac
999 418 1052 460 de
1087 417 1226 459 Hulle
1262 416 1419 459 clerico
1452 412 1602 458 Unam

74 494 266 537 Croftam
300 492 519 534 Inclusam
552 491 649 541 Que
675 491 794 547 jacet
824 491 937 532 inter
965 491 1199 546 gardinum
1235 496 1278 531 et
1308 489 1466 531 croftas
1500 490 1604 531 dicti

73 565 279 622 Magistri
300 564 488 606 Walteri
510 569 552 605 et
573 562 733 604 curtilm
754 560 838 604 mei
861 562 1046 604 Henrici
1079 563 1123 603 in
1148 562 1288 604 Hulle
1320 563 1364 602 in
1389 562 1606 604 Parochia

72 636 126 681 de
148 638 371 682 Chilterne
401 637 623 679 Doumere
646 636 764 679 Hab.
788 642 831 677 et
852 636 958 677 Ten.
982 636 1141 677 dictam
1162 635 1359 678 Croftam
1382 635 1605 677 Inclusam

75 744 84 753 .
147 744 157 755 .
399 742 409 753 .
482 710 536 751 In
578 709 702 764 cujus
763 740 772 750 .
849 742 858 751 .
936 742 945 751 .
1023 742 1032 751 .
1106 709 1311 764 Sigillum
1374 742 1384 752 .
1448 740 1458 751 .
1522 743 1530 751 .
1596 741 1604 751 .

72 785 251 842 apposui
273 784 443 826 Datum
465 782 580 839 apud
606 781 744 823 Hulle
765 781 835 823 die
858 781 1072 824 Mercurii
1095 797 1217 837 prox.
1242 790 1338 838 post
1356 783 1473 825 Fest.
1498 783 1605 826 S’cti

73 859 277 900 Barnabe
296 856 496 912 Apostoli
514 857 630 898 Ann.
648 870 738 911 reg.
758 854 856 912 Reg
873 855 995 897 Edwi
1012 855 1102 896 III.
1127 863 1224 911 post
1241 867 1384 911 conqm
1398 858 1603 899 vicesimo

71 932 224 988 primo.
259 931 360 972 Hiis
381 930 547 972 Testib.
574 927 790 980 Dominis,
810 929 1014 972 Johanne
1051 929 1105 970 de
1137 924 1403 985 Clyvedone,
1427 931 1605 973 Simone

70 1004 123 1046 de
165 1004 428 1054 Fforneaux‚
480 1009 524 1045 et
577 1002 766 1045 Nichola
806 1002 860 1044 de
902 1003 1129 1058 Bolevyle‚
1189 1003 1421 1047 Militibus,
1493 1005 1600 1048 Joh⁶

71 1077 221 1127 Baret,
243 1076 341 1118 Ric⁰
363 1076 417 1118 de
438 1075 735 1126 Warmwelle,
756 1076 784 1118 J
789 1075 863 1117 ohe
883 1075 1047 1124 Turke,
1069 1076 1098 1119 J
1102 1075 1176 1117 ohe
1199 1076 1350 1132 Pigaz,
1374 1078 1435 1119 Et
1467 1078 1575 1120 aliis.

182 1241 341 1297 Henry
363 1241 416 1282 de
445 1239 650 1296 Romsey,
681 1254 759 1281 son
795 1239 882 1281 and
918 1239 1013 1281 heir
1045 1240 1096 1282 of
1123 1241 1282 1298 Henry
1305 1242 1359 1284 de
1398 1243 1604 1302 Romsey‚

69 1322 113 1358 to
136 1317 303 1358 Master
325 1313 498 1355 Walter
521 1313 645 1354 Isaac
668 1312 718 1354 of
734 1312 889 1368 Hylle,
905 1312 1052 1363 clerk3
1086 1328 1141 1354 an
1159 1314 1361 1357 enclosed
1384 1317 1602 1372 paddock,

68 1389 190 1446 lying
205 1390 399 1430 between
415 1388 489 1428 the
506 1386 674 1442 garden
695 1386 781 1427 and
803 1386 934 1428 crofts
956 1386 1005 1428 of
1019 1387 1093 1429 the
1116 1388 1207 1429 said
1229 1389 1400 1431 Master
1416 1391 1604 1442 Walter,

70 1463 153 1504 and
175 1463 249 1504 the
271 1460 515 1516 Curtillage
555 1460 605 1501 of
629 1459 703 1501 the
725 1459 818 1501 said
842 1460 1014 1517 Henry,
1035 1460 1080 1501 in
1105 1461 1244 1517 Hylle
1272 1462 1317 1503 in
1349 1463 1423 1504 the
1447 1464 1605 1506 Parish

70 1536 118 1578 of
152 1535 377 1578 Chilterne
421 1534 635 1575 Dommer
671 1566 680 1575 .
758 1566 768 1575 .
841 1566 851 1575 .
914 1565 922 1575 .
997 1565 1008 1575 .
1084 1534 1228 1576 Given
1270 1542 1315 1577 at
1354 1536 1506 1592 Hylle,
1548 1553 1604 1579 on

69 1608 349 1663 Wednesday
371 1613 478 1649 next
499 1606 610 1648 after
642 1605 716 1647 the
741 1605 870 1647 Feast
899 1606 948 1647 of
976 1611 1025 1649 St
1048 1607 1280 1649 Barnabas
1309 1609 1383 1651 the
1407 1612 1604 1666 Apossse,

70 1682 114 1722 in
149 1682 223 1723 the
266 1683 364 1722 21st
405 1695 508 1737 year
549 1679 600 1721 of
633 1679 759 1735 King
800 1679 992 1720 Edward
1031 1680 1122 1723 ΙΙΙ.
1184 1683 1457 1734 Witnesses;
1502 1686 1605 1736 Sirs,

69 1754 187 1797 John
228 1754 282 1795 de
323 1752 564 1809 Clyvedon,
615 1751 764 1792 Simon
806 1751 860 1792 de
899 1751 1145 1804 Forneaux,
1181 1754 1267 1795 and
1303 1754 1514 1798 Nicholas
1551 1757 1605 1799 de

72 1828 297 1885 Bolevyle‚
339 1825 550 1882 Knights.

195 2005 283 2048 No.
324 2007 393 2047 36.
428 2005 554 2048 Edw.
588 2006 678 2047 III.
716 2007 839 2049 1349.
902 2005 1102 2060 Monday
1133 2006 1244 2048 after
1266 2006 1366 2048 Octr
1408 2009 1479 2050 21.

188 2090 403 2132 Noverint
440 2089 630 2131 universi
658 2105 729 2131 me
765 2090 1015 2131 Walterum
1047 2091 1100 2131 de
1138 2090 1356 2147 Romesye
1387 2092 1526 2133 filium
1563 2100 1606 2135 et

71 2161 272 2205 heredem
296 2163 476 2205 Domini
504 2163 722 2206 ,Iohannis
751 2164 805 2205 de
830 2164 1048 2219 Romesye
1072 2163 1230 2205 Militis
1258 2165 1302 2205 in
1333 2165 1463 2220 plena
1491 2174 1605 2208 etate

71 2250 168 2277 mea
200 2236 414 2277 relaxasse
450 2251 498 2277 ac
532 2251 612 2291 pro
645 2251 714 2277 me
746 2242 789 2277 et
825 2236 999 2278 her’bus
1031 2236 1138 2277 meis
1171 2237 1367 2292 quietum
1397 2237 1605 2280 clamasse

74 2310 286 2365 Magistro
311 2309 513 2351 Waltero
535 2310 681 2351 Ysaac
714 2310 766 2351 d'e
805 2309 946 2351 Hulle
970 2309 1292 2352 Archidiacono
1316 2311 1605 2354 Bathoniensi

73 2383 200 2423 Will⁰
223 2383 367 2424 Ysaac
399 2383 452 2424 de
486 2383 625 2424 Hulle
654 2389 697 2424 et
731 2383 988 2438 Margarete
1020 2384 1163 2426 Uxori
1195 2385 1387 2440 ejusdem
1414 2386 1535 2428 Willi
1556 2402 1606 2428 ac

73 2455 242 2497 her'bus
264 2463 305 2497 et
328 2456 459 2512 assig.
495 2457 690 2513 ejusdem
714 2456 903 2498 WValteri
926 2457 1070 2499 Ysaac
1096 2458 1312 2514 inperpet.
1344 2459 1504 2500 Totum
1530 2461 1605 2516 jus

73 2536 115 2570 et
149 2529 351 2570 clamium
393 2530 508 2585 quod
546 2530 676 2571 habui
713 2530 783 2572 vel
819 2545 994 2586 quoquo
1027 2531 1157 2572 modo
1195 2531 1355 2573 habere
1397 2534 1519 2588 potui
1559 2535 1603 2574 in

74 2603 269 2644 omnibus
309 2618 472 2645 mesua.
510 2610 612 2644 terr.
636 2610 747 2658 prat.
784 2618 896 2659 pasc,
923 2611 965 2645 et
998 2605 1185 2659 pasturis
1222 2619 1320 2646 cum
1357 2613 1468 2661 pertS
1508 2607 1604 2657 Que

76 2674 214 2716 Ysaac
265 2675 318 2717 de
362 2676 502 2718 Hulle
545 2676 680 2718 Pater
717 2677 852 2732 ipsius
894 2677 1084 2719 Walteri
1126 2678 1271 2719 Ysaac
1313 2679 1367 2719 de
1410 2679 1604 2721 Domino

74 2749 264 2790 Waltero
286 2749 338 2791 de
363 2750 580 2806 Romesye
603 2750 700 2791 Avo
723 2765 820 2791 meo
847 2751 1067 2806 quondam
1090 2752 1230 2792 tenuit
1252 2751 1295 2792 in
1322 2751 1459 2793 Hulle
1474 2753 1604 2808 juxta

77 2820 296 2863 Chilterne
329 2823 568 2866 Dommere
590 2823 635 2864 in
668 2823 793 2865 Com.
827 2824 1010 2866 Somers.
1042 2825 1102 2866 Et
1136 2824 1234 2874 Que
1266 2825 1446 2879 predicti
1479 2826 1602 2868 Wal-
