1834 3208
868 270 964 318 106

181 400 268 442 No.
293 400 387 442 114.
413 401 570 459 Henry
591 402 679 445 VI.
703 402 827 444 1423.
863 401 1064 458 Tuesday
1085 401 1195 444 after
1217 399 1506 444 Michaelmas
1530 399 1647 457 Day.

265 484 414 527 Sciant
435 500 546 542 pres.
569 491 612 528 et
633 484 711 528 fut.
733 485 849 542 quod
871 500 948 527 nos
970 484 1160 528 Cristina
1181 482 1396 526 Priorissa
1417 483 1531 525 Albe
1561 480 1677 524 Aule

150 556 203 599 de
224 556 536 601 Yevelchestre
563 565 606 602 et
632 560 661 603 J
665 560 838 601 ohanna
857 559 1126 615 Whyttokes
1153 557 1359 601 Monialis
1387 562 1431 599 et
1461 556 1679 599 Consoror

150 631 343 687 ejusdem
368 632 580 676 Priorisse
600 634 630 676 J
633 633 718 675 Ohes
742 633 866 689 Peny
883 633 993 675 Τ110ξι
1015 634 1216 689 Drapere
1229 631 1475 674 Gilbertum
1497 628 1680 671 Bouche

150 709 193 745 et
211 703 356 746 David
375 705 536 747 Hawes
552 704 792 747 dimisimus
814 719 982 746 conces.
1002 702 1045 746 et
1067 704 1192 760 pre’ti
1208 703 1311 745 sc’to
1329 701 1681 744 confirmavimus

152 776 346 819 Roberto
382 778 496 821 Veel
528 778 627 820 Ric⁰
659 777 779 820 Serle
810 783 853 819 et
884 778 913 820 J
917 777 985 819 ohi
1018 776 1256 820 Glainville
1287 776 1432 818 omnia
1466 780 1604 816 terras
1639 778 1682 815 et

149 849 283 890 ten’ta
310 864 408 890 cum
433 856 544 905 pert*³
567 849 665 899 Que
686 864 826 904 nuper
847 848 1023 890 fuerunt
1046 848 1190 890 Marci
1211 847 1420 889 Whittok
1447 847 1491 888 in
1515 845 1558 887 N
1563 844 1681 887 orth-

151 935 279 963 overe
301 927 343 962 et
364 922 620 963 Somertone
651 920 771 964 Hab.
797 926 841 962 et
870 921 963 962 Ten
1008 954 1019 963 .
1080 953 1090 963 .
1153 952 1164 964 .
1226 953 1237 963 .
1283 921 1383 962 Hiis
1406 919 1522 961 Test.
1547 916 1683 959 Nich⁰

152 993 355 1049 Moleyns
384 993 490 1036 Johe
523 993 794 1037 Welwetone
819 994 917 1050 jun.
957 993 1064 1036 Johe
1096 993 1279 1051 Smythe
1314 993 1368 1035 de
1405 991 1683 1034 Northovere

153 1066 253 1108 Ric⁰
295 1066 411 1108 Dole
451 1068 511 1109 Et
550 1066 644 1108 aliis
686 1068 802 1109 Data
838 1066 906 1109 die
949 1067 1110 1110 Martis
1151 1082 1275 1124 prOX.
1314 1071 1412 1123 post
1453 1066 1558 1107 Fest
1598 1064 1683 1107 S’ci

152 1139 381 1182 Michaelis
424 1139 693 1196 Archangeli
742 1154 842 1182 ann.
893 1155 986 1197 reg.
1038 1141 1150 1198 Reg.
1203 1139 1390 1183 Henrici
1421 1138 1542 1182 Sexti
1586 1143 1684 1194 post

150 1224 292 1269 conqm
324 1214 539 1256 Secundo.

267 1366 458 1409 Cristina
479 1367 677 1410 Prioress
699 1369 749 1411 of
759 1369 912 1412 White
935 1369 1060 1421 Hall,
1081 1369 1166 1412 and
1183 1369 1212 1413 J
1216 1369 1389 1411 ohanna
1403 1366 1686 1422 Whyttokes‚

153 1439 261 1482 Nun
297 1439 383 1480 and
419 1439 556 1481 sister
585 1441 790 1484 associate
820 1442 870 1484 of
892 1442 967 1484 the
1002 1456 1120 1484 same
1153 1441 1366 1490 Prioress‚
1401 1439 1507 1482 with
1539 1439 1686 1481 others

151 1517 254 1553 —to
287 1511 453 1553 Robert
485 1511 598 1554 Veel
634 1512 719 1554 and
755 1513 930 1563 others3
962 1513 1039 1555 All
1073 1513 1149 1555 the
1179 1513 1304 1555 lands
1341 1527 1447 1555 once
1478 1511 1553 1553 the
1586 1526 1684 1568 pro-

153 1584 342 1641 pertyof
353 1583 533 1626 Marcus
552 1584 801 1641 Whyttok
791 1600 834 1626 1n
854 1586 1105 1628 Northover
1122 1586 1207 1627 and
1226 1586 1457 1629 Somerton
1494 1616 1503 1627 .
1559 1617 1568 1626 .
1614 1616 1624 1626 .
1682 1586 1688 1599 ⁴

158 1658 199 1700 N
206 1658 367 1699 icholas
410 1657 616 1714 Moleyns
690 1689 700 1699 .
761 1691 771 1699 .
831 1690 841 1701 .
902 1691 914 1703 ,
987 1659 1187 1716 Tuesday
1224 1658 1334 1700 after
1376 1658 1508 1699 Feast
1547 1657 1597 1699 of
1621 1657 1686 1700 St.

156 1731 353 1774 Michael
389 1731 656 1788 ArchangeL
691 1732 736 1773 in
777 1732 852 1774 the
884 1732 941 1773 Qd
982 1747 1085 1788 year
1115 1732 1167 1774 of
1191 1732 1348 1788 Henry
1375 1731 1459 1773 VI.

455 1912 542 1955 No.
578 1913 673 1955 115.
704 1912 864 1968 Henry
894 1912 979 1957 VI.
1014 1913 1138 1955 1424.
1203 1914 1310 1969 May
1340 1914 1383 1955 9.

270 1997 355 2040 Sci.
378 2011 491 2053 pres,
513 2002 557 2038 et
578 1996 655 2038 fut.
678 1996 794 2052 quod
824 2011 905 2051 ego
926 1996 955 2039 J
959 1996 1149 2039 ohannes
1171 1997 1320 2039 Abbot
1341 1997 1690 2053 consanguineus

157 2078 199 2114 et
220 2072 344 2113 heres
359 2071 531 2113 Thome
554 2070 660 2112 Cole
681 2070 734 2112 de
756 2070 1067 2112 Yevelchestre
1089 2071 1188 2112 dedi
1234 2103 1243 2113 .
1307 2103 1317 2113 .
1379 2103 1389 2113 .
1435 2071 1690 2113 Alexandro

158 2146 211 2187 de
246 2145 288 2186 la
321 2144 474 2200 Lynde
497 2143 625 2185 Will⁰
660 2143 910 2185 Walkdene
943 2144 1042 2185 Ric⁰
1075 2143 1202 2187 Cerle
1241 2144 1437 2186 Henrico
1470 2144 1687 2200 Havegod

159 2219 260 2262 Johi
287 2217 524 2259 Glainville
563 2217 709 2259 David
749 2217 916 2273 Hawys
943 2217 1115 2260 Thome
1151 2217 1351 2274 Drapere
1377 2218 1545 2259 Thome
1582 2218 1689 2273 Say-

157 2307 284 2334 mour
311 2293 339 2334 J
345 2290 412 2332 ohi
444 2290 671 2346 Chepman
704 2296 746 2332 et
774 2290 875 2333 Johi
902 2291 1130 2332 Deneman
1158 2290 1334 2334 her’bus
1367 2297 1409 2333 et
1441 2291 1569 2347 assig.
1603 2291 1691 2332 suis

162 2366 309 2407 Unam
333 2364 527 2419 placeam
555 2370 669 2404 terre
701 2378 799 2405 cum
832 2364 918 2405 suis
940 2371 1050 2419 pertS
1071 2365 1115 2405 in
1136 2364 1446 2406 Yevelchestre
1469 2364 1689 2419 jacentem

159 2439 201 2479 in
226 2437 311 2478 fine
334 2436 518 2478 Venelle
548 2442 699 2477 vocate
723 2436 879 2491 Abbey
903 2435 1023 2477 Lane
1056 2451 1108 2477 ex
1141 2437 1339 2493 opposito
1372 2436 1502 2478 modo
1524 2436 1690 2479 Domui

160 2510 365 2551 Fratrum
390 2508 721 2550 Predicatorum
758 2508 950 2564 ejusdem
987 2508 1089 2550 ville
1123 2509 1221 2561 Que
1258 2509 1407 2565 placea
1433 2509 1625 2551 continet
1645 2509 1689 2550 in

159 2581 434 2637 longitudine
456 2581 682 2635 sexaginta
714 2586 756 2621 et
789 2595 863 2621 sex
886 2580 1017 2635 pedes
1040 2581 1101 2622 Et
1132 2581 1175 2622 in
1209 2581 1438 2623 latitudine
1459 2582 1614 2638 viginti
1646 2587 1689 2624 et

159 2655 266 2697 duos
300 2655 430 2711 pedes
460 2653 575 2696 Dedi
606 2654 740 2694 eciam
771 2654 946 2708 prefatis
983 2654 1239 2697 Alexandro
1261 2655 1389 2698 Will⁰
1410 2655 1498 2706 &c.‚
1529 2655 1687 2708 toftum

161 2736 203 2770 et
224 2728 443 2770 curtil’um
466 2728 592 2768 unius
615 2727 815 2782 burgagii
848 2727 891 2768 in
925 2727 1075 2769 eadem
1103 2728 1207 2770 villa
1232 2728 1418 2785 jacentis
1447 2729 1561 2771 inter
1589 2743 1687 2785 pre-

162 2802 320 2843 dictam
344 2801 538 2857 placeam
560 2806 603 2842 et
624 2806 823 2841 tenuram
855 2814 986 2856 quam
1007 2800 1197 2843 Thomas
1219 2801 1399 2844 Broune
1420 2801 1474 2844 de
1494 2801 1688 2858 Tynten-
