1834 3208
876 287 938 337 89

140 417 279 476 Otery
301 418 481 462 Andrea
508 418 628 462 Tour
658 417 688 463 J
692 417 766 461 ohe
786 419 916 463 Briee
941 421 973 464 J
976 420 1050 462 ohe
1072 418 1287 464 Mascalle
1309 420 1413 465 Rieo
1433 419 1548 464 Dole
1568 420 1598 467 J
1600 419 1675 464 oh·

141 491 326 549 Smythe
356 493 478 537 Will⁰
501 493 733 536 Lovecoke
767 494 829 536 Et
862 494 970 538 aliis.
1005 493 1126 536 Data
1161 494 1206 535 in
1228 494 1360 537 Festo
1395 494 1677 537 pentecostes

139 582 244 612 ann.
276 584 369 626 reg.
401 570 517 627 Reg.
555 570 741 612 Henrici
779 571 937 621 Quarti
973 576 1071 626 post
1105 578 1248 627 eonq¹⁷¹¹
1282 571 1466 624 Quinto.

257 721 479 777 Reginald
495 727 585 764 atte
606 721 763 765 Water
779 721 830 764 of
853 722 981 765 West
1003 722 1170 774 CameL
1190 728 1236 766 to
1251 723 1394 767 Willm
1415 723 1680 780 Whyttoke,

140 793 283 837 Willm
305 794 458 846 Gosse,
479 795 565 836 and
588 795 757 838 Robert
778 794 1006 838 Veel—all
1031 811 1103 853 my
1126 796 1244 852 right
1272 797 1314 838 in
1354 796 1413 839 all
1442 797 1518 839 the
1553 796 1681 838 lands

141 867 228 909 and
263 872 366 909 ten²⁸
395 869 440 909 in
469 868 737 920 Northover‚
768 884 874 911 near
904 869 1235 922 Yevelchester‚
1255 870 1400 913 which
1433 870 1553 926 they,
1572 869 1681 911 with

144 939 339 982 Rich-ard
371 956 444 997 my
476 956 567 994 son,
587 941 721 999 lately
741 942 844 985 held
872 944 929 1000 by
956 958 1030 1000 my
1052 950 1183 999 grant
1242 975 1254 988 .
1315 975 1327 986 .
1389 977 1399 988 .
1459 976 1472 986 .
1532 943 1678 987 Given

141 1026 201 1054 on
232 1013 543 1072 Wffitsunday.
604 1015 659 1056 In
691 1016 770 1057 5111
804 1031 908 1073 year
942 1016 993 1058 of
1020 1017 1176 1073 Henry
1212 1016 1296 1062 IV.

977 674 1045 683 —-

319 1183 408 1227 No.
428 1185 500 1227 92.
523 1185 683 1242 Henry
705 1186 789 1230 IV.
828 1188 952 1230 1405.
1014 1187 1194 1244 Sunday
1215 1187 1327 1230 after
1347 1186 1378 1230 J
1382 1184 1457 1243 uly
1478 1186 1519 1230 7.

262 1267 362 1309 Hee
410 1267 646 1310 indentura
698 1274 884 1312 testatur
933 1271 1051 1326 quod
1101 1272 1130 1314 J
1136 1271 1329 1313 ohannes
1380 1269 1584 1325 Drapere
1628 1266 1683 1310 de

145 1340 463 1384 Yeveiches‘ure
498 1343 709 1385 concessit
739 1349 782 1385 et
808 1343 863 1385 ad
893 1344 1089 1386 Fir-mam
1114 1345 1278 1386 dimisit
1298 1344 1327 1386 J
1332 1342 1494 1385 ohanni
1516 1340 1683 1382 Hawth

144 1420 190 1455 et
218 1414 408 1456 Matilde
438 1416 564 1457 uxori
595 1417 688 1473 ejus
721 1423 797 1458 aut
829 1418 904 1458 uni
937 1432 1086 1459 eorum
1120 1418 1288 1459 diucius
1329 1414 1493 1458 viventi
1531 1413 1685 1455 Unam

146 1501 291 1528 acram
327 1494 441 1530 terre
475 1489 650 1531 arabilis
675 1490 895 1544 jacentem
927 1491 972 1532 in
1005 1491 1173 1547 Campo
1201 1491 1255 1533 de
1277 1489 1502 1533 Chilferne
1522 1486 1683 1543 Vagge

147 1560 226 1615 qui
258 1566 439 1602 vocatur
475 1561 790 1618 Chatforlange
824 1563 939 1604 inter
978 1570 1141 1605 terram
1179 1563 1347 1605 Prioris
1387 1562 1441 1604 de
1478 1561 1685 1604 Charter-

147 1632 293 1674 howse
314 1648 367 1676 ex
389 1648 481 1689 par.
501 1635 657 1678 orient.
678 1643 722 1677 et
743 1636 920 1678 Thorne
943 1637 1126 1693 Coffyne
1148 1652 1201 1679 ex
1225 1652 1317 1693 par.
1341 1635 1476 1678 occid.
1501 1635 1621 1677 Hab.
1643 1638 1687 1675 et

145 1706 244 1748 Ten
316 1740 327 1753 ,
390 1739 399 1749 .
462 1741 471 1750 .
532 1741 543 1750 .
620 1709 865 1751 Reddendo
906 1710 1008 1752 inde
1048 1711 1273 1752 annuatim
1311 1709 1505 1752 Domino
1546 1707 1685 1749 Feodi

147 1853 206 1895 Et
226 1853 262 1895 si
283 1854 465 1910 predicti
487 1863 676 1911 quatuor
698 1855 866 1897 denarii
897 1871 923 1898 a
957 1863 1075 1899 retro
1097 1857 1258 1899 fuerint
1289 1871 1366 1912 per
1393 1854 1687 1912 quadraginta

145 1925 238 1968 dies
273 1934 370 1982 post
408 1928 525 1971 Fest.
557 1927 695 1983 predm
716 1928 833 1983 quod
869 1936 1029 1971 extunc
1062 1930 1172 1971 bene
1201 1928 1348 1970 licebit
1382 1927 1550 1984 prefato
1584 1926 1687 1969 Johi

147 1999 351 2055 D1·apere
372 2006 414 2041 et
438 2000 610 2042 her⁷bus
645 2001 733 2042 suis
762 2001 807 2042 in
839 2001 1054 2056 prefatam
1087 2016 1231 2043 acram
1264 2008 1378 2042 terre
1409 2000 1622 2041 reintrare
1643 2005 1688 2042 et

145 2074 332 2115 retinere
368 2073 479 2115 sicut
513 2081 614 2115 ante
644 2088 895 2116 concessum
930 2075 1061 2116 istum
1098 2074 1275 2116 fecerint
1338 2107 1347 2116 .
1411 2106 1420 2116 .
1483 2106 1494 2116 .
1554 2104 1565 2114 .
1629 2074 1684 2115 In

144 2146 269 2203 cujus
299 2146 361 2188 rei
392 2147 552 2188 testim.
576 2153 720 2201 partes
751 2147 915 2203 predic.
942 2147 1056 2202 sigil.
1089 2162 1167 2188 sua
1197 2147 1279 2188 hiis
1314 2147 1517 2188 indent’is
1553 2147 1683 2189 alter-

144 2220 281 2261 natim
322 2226 620 2276 apposuerunt
670 2220 773 2261 Hiis
821 2221 940 2263 Test.
982 2221 1221 2262 Edmundo
1273 2221 1515 2262 Dommere
1554 2221 1685 2264 Willo

145 2292 388 2334 Stauntone
417 2293 524 2335 Johe
559 2292 803 2348 Wynforde
836 2293 896 2334 Et
927 2293 1037 2334 aliis.
1059 2293 1178 2334 Data
1214 2293 1329 2349 apud
1367 2293 1682 2350 Yevylehestre

146 2367 234 2409 Die
257 2366 438 2408 Domin.
462 2381 587 2422 prox·
622 2372 719 2422 post
754 2366 874 2408 Fest.
912 2367 995 2409 S'ci
1019 2367 1186 2408 Thome
1217 2367 1418 2408 Mactiris
1455 2382 1556 2409 ann.
1589 2383 1682 2424 reg.

144 2441 258 2498 Reg.
289 2440 476 2482 Heni-ici
507 2440 664 2490 Quarti
694 2446 792 2496 post
822 2447 963 2496 conqm
994 2440 1143 2483 Sexto.

256 2594 378 2637 John
399 2594 578 2649 Draper
599 2592 650 2635 of
664 2592 988 2647 Yevelchester,
1013 2600 1164 2650 grants
1186 2594 1273 2636 and
1293 2594 1375 2636 lets
1397 2600 1442 2637 to
1467 2596 1614 2645 Farm,
1635 2602 1679 2639 to

142 2667 265 2712 John
288 2668 456 2711 Hawth
491 2668 578 2709 and
602 2667 792 2710 Matilda
827 2667 892 2708 his
919 2667 1028 2717 wife,
1060 2683 1109 2709 or
1143 2668 1219 2709 the
1251 2669 1449 2710 survivor
1471 2669 1520 2709 of
1542 2670 1678 2721 them,

143 2756 226 2784 one
248 2756 347 2784 aere
368 2742 418 2783 of
432 2741 579 2783 arable
605 2741 651 2782 in
683 2755 708 2782 a
739 2740 842 2782 field
865 2747 909 2782 at
931 2741 1157 2784 Chilterne
1182 2741 1352 2797 Vagge,
1382 2741 1520 2782 called
1544 2742 1677 2784 Chat-

144 2814 331 2872 forlang,
359 2816 556 2858 between
592 2814 695 2856 land
732 2814 782 2857 of
815 2814 890 2857 the
924 2815 1053 2857 Prior
1090 2816 1141 2858 of
1161 2814 1484 2857 Charterhouse
1517 2831 1573 2858 on
1605 2816 1678 2857 the
