1834 3208
917 286 1012 335 142

200 416 444 462 Canonicus
481 416 676 459 Ecclesie
710 417 982 460 Cathedralis
1009 415 1198 457 Wellen'
1231 420 1274 457 et
1304 413 1433 457 Tho’s
1466 410 1720 470 Tremaylle

199 491 286 534 Sal.
309 493 352 532 in
378 492 480 533 Dno
504 490 725 533 Noveritis
748 491 843 533 Nos
865 491 1025 547 pref’os
1057 490 1198 531 Ric'm
1230 494 1273 530 et
1308 488 1462 530 Tho'm
1489 487 1716 529 tradidisse

198 563 408 605 dimisisse
430 569 473 606 et
494 578 571 619 per
587 578 698 619 pres.
717 578 903 605 concess.
921 562 1120 605 Waltero
1139 561 1432 604 Yartecombe
1453 566 1496 602 et
1517 561 1546 602 J
1550 559 1722 601 ohanne

197 637 322 678 uxori
345 637 437 693 ejus
461 637 581 678 Illud
601 637 902 678 Molendinum
922 634 1053 677 Bladi
1075 650 1172 677 cum
1196 634 1325 690 pert’s
1345 635 1390 675 in
1406 632 1719 677 Yevelchester

195 710 340 753 situat.
377 710 422 751 in
460 708 673 752 Orientali
709 715 831 765 parte
855 708 1026 750 Domus
1063 707 1366 749 Elimosinarie
1395 706 1554 748 ibidem
1595 719 1726 761 super

197 783 386 839 quodam
418 783 699 839 porciunculo
730 783 808 824 soli
844 781 1034 838 parcella
1056 781 1239 823 Gardini
1267 780 1355 822 sive
1389 780 1583 821 Pomarii
1610 780 1725 822 dicte

197 856 367 896 Domus
385 855 686 896 Elimosinarie
703 854 834 906 Quod
851 853 1026 908 quidem
1045 852 1349 894 Molendinum
1366 851 1479 893 idem
1497 851 1725 893 Walterus

196 941 335 982 nuper
363 927 416 968 de
438 941 549 969 novo
571 926 625 968 ad
647 932 789 967 custos
822 939 922 966 suos
959 924 1155 981 proprios
1183 924 1421 967 construxit
1441 930 1483 965 et
1505 924 1727 966 edificavit

198 999 317 1040 Hab.
339 1004 381 1039 et
402 999 513 1041 Ten.
545 997 660 1040 idem
692 997 999 1039 Molendinum
1035 1011 1133 1038 cum
1168 997 1299 1052 pert's
1336 996 1487 1052 pref'is
1523 996 1725 1038 Waltero

197 1077 240 1113 et
260 1071 463 1114 Johanne
484 1071 538 1112 ad
566 1071 803 1112 terminum
837 1071 923 1112 vite
952 1084 1102 1112 eorum
1138 1075 1181 1112 et
1215 1070 1342 1111 unius
1378 1084 1529 1111 eorum
1564 1069 1725 1111 diutius

198 1145 380 1187 viventis
407 1144 648 1186 Reddendo
665 1144 766 1185 inde
782 1143 1006 1185 annuatim
1029 1143 1151 1184 nobis
1171 1142 1345 1185 her'bus
1367 1148 1409 1184 et
1431 1143 1545 1184 as’tis
1567 1143 1725 1184 nostris

197 1217 381 1259 durante
404 1217 490 1259 vita
517 1232 594 1259 sua
615 1232 746 1258 unam
776 1231 918 1258 rosam
942 1215 1112 1257 rubiam
1138 1215 1192 1256 ad
1220 1215 1400 1256 Festum
1424 1215 1611 1257 Nativ’is
1640 1215 1725 1258 S'ci

195 1291 225 1334 J
229 1291 334 1332 oh’is
358 1291 556 1346 Baptiste
577 1291 612 1332 si
633 1296 805 1346 petatur
825 1290 884 1330 Et
905 1295 1003 1345 post
1023 1289 1245 1330 decessum
1263 1288 1513 1343 pred'orum
1531 1289 1724 1331 Walteri

197 1370 240 1405 et
273 1364 478 1407 ‚Iohanne
512 1364 710 1406 volumus
743 1369 786 1405 et
822 1362 1096 1405 concedimus
1133 1376 1210 1417 per
1246 1376 1359 1417 pres.
1393 1361 1523 1412 Quod
1558 1363 1726 1418 pred’m

198 1437 508 1480 Molendinum
528 1452 626 1479 cum
648 1437 780 1492 pert's
801 1436 970 1491 integre
988 1440 1211 1476 remaneat
1226 1434 1420 1476 Roberto
1433 1435 1725 1479 Yartecombe

196 1515 240 1551 et
255 1511 285 1552 J
289 1510 374 1552 oh⁷i
390 1511 683 1552 Yartecombe
704 1509 757 1550 ad
779 1509 1014 1551 terminum
1030 1508 1117 1550 vite
1138 1522 1288 1549 eorum
1310 1514 1352 1549 et
1373 1508 1550 1549 alterius
1572 1523 1724 1550 eorum

197 1584 363 1625 diucius
395 1583 579 1625 viventis
612 1582 855 1624 Reddendo
894 1581 995 1623 inde
1027 1581 1251 1622 annuatim
1288 1587 1385 1636 post
1421 1587 1603 1623 mortem
1635 1583 1725 1625 sive

196 1672 368 1699 sursum
381 1656 665 1699 redditionem
681 1656 930 1712 pred'orum
938 1654 1127 1696 Walteri
1144 1660 1185 1696 et
1198 1655 1227 1697 J
1231 1654 1401 1696 ohanne
1415 1655 1538 1696 nobis
1552 1655 1724 1698 her’bus

195 1736 239 1772 et
271 1730 386 1772 as'tis
418 1730 575 1772 nostris
606 1730 692 1772 Sex
715 1728 884 1771 Solidos
907 1734 950 1769 et
971 1734 1067 1770 octo
1103 1728 1302 1769 denarios
1334 1727 1508 1783 Legalis
1542 1729 1725 1771 Monete

195 1804 358 1859 Anglie
391 1802 446 1844 ad
483 1803 662 1844 Festum
697 1801 865 1843 Pasche
903 1800 1088 1843 Nativ’is
1117 1800 1200 1841 S’ci
1229 1800 1369 1843 Joh’is
1402 1801 1602 1857 Baptiste
1637 1802 1725 1844 S'ci

196 1876 373 1918 Mich’is
396 1874 665 1931 Archangeli
700 1880 743 1917 et
776 1873 948 1916 Natalis
971 1874 1152 1915 Domini
1186 1888 1264 1929 per
1296 1873 1469 1929 equales
1499 1875 1725 1930 porciones

196 1950 259 1991 Et
280 1949 417 2006 pred'i
446 1949 669 1990 Walterus
692 1954 734 1990 et
753 1948 782 1990 J
786 1948 958 1989 ohanna
989 1947 1033 1988 in
1060 1947 1150 1989 vita
1179 1961 1256 1988 sua
1279 1947 1344 1988 Ac
1377 1947 1514 2003 pred'i
1536 1949 1724 1990 Rob'tus

195 2027 238 2063 et
269 2021 417 2064 Joh'es
450 2026 547 2076 post
583 2026 768 2062 mortem
803 2019 892 2061 sive
932 2033 1104 2060 sursum
1139 2019 1432 2060 reddicionem
1474 2020 1724 2075 pred’orum

196 2094 384 2137 Wasteri
406 2099 448 2135 et
468 2093 674 2135 Johanne
695 2092 862 2148 pred'm
899 2092 1209 2134 Molendinum
1242 2098 1284 2133 et
1318 2092 1497 2134 domum
1529 2093 1724 2149 ejusdem

194 2168 240 2208 in
262 2167 460 2209 omnibus
482 2168 591 2208 bene
613 2172 656 2207 et
677 2165 941 2207 sufficienter
963 2165 1167 2221 quociens
1195 2179 1369 2206 necesse
1397 2165 1528 2207 fuerit
1548 2180 1723 2222 repara-

195 2241 306 2282 bunt
327 2240 630 2280 sustentabunt
665 2245 707 2280 et
742 2239 1088 2280 manutenebunt
1125 2238 1316 2279 custibus
1349 2238 1435 2279 suis
1458 2239 1643 2294 propriis
1666 2239 1725 2280 Et

196 2312 231 2354 si
253 2312 476 2367 contingat
499 2311 666 2367 pred'm
698 2311 919 2352 redditum
941 2325 966 2352 a
987 2316 1103 2352 retro
1125 2311 1216 2352 fore
1243 2311 1287 2351 in
1324 2318 1448 2367 parte
1475 2312 1543 2353 vel
1566 2312 1610 2352 in
1631 2317 1724 2354 toto

198 2399 276 2441 per
296 2399 371 2426 sex
393 2384 666 2439 Septimanas
694 2389 792 2439 post
826 2383 1002 2439 aliquod
1030 2383 1211 2425 Festum
1247 2398 1332 2439 quo
1365 2383 1473 2426 solvi
1505 2384 1659 2427 debeat
1681 2390 1724 2427 et

197 2457 319 2499 nulla
356 2457 572 2499 sufficiens
604 2457 813 2499 districtio
842 2472 920 2513 pro
950 2456 1122 2499 redditu
1143 2456 1218 2498 illo
1249 2459 1307 2498 sic
1329 2472 1354 2498 a
1374 2463 1490 2499 retro
1511 2458 1723 2500 existente

196 2529 243 2571 in
265 2529 525 2571 Molendino
546 2534 590 2570 et
627 2529 774 2571 Domo
796 2529 944 2585 pred’a
964 2528 1149 2571 inveniri
1176 2529 1336 2585 poterit
1368 2529 1497 2579 Quod
1530 2545 1583 2572 ex
1617 2536 1723 2573 tunc

197 2603 307 2646 bene
328 2602 473 2645 licebit
503 2602 626 2644 nobis
658 2602 832 2645 her’bus
859 2608 902 2644 et
934 2602 1050 2643 as’tis
1079 2602 1237 2644 nostris
1268 2602 1313 2643 in
1345 2602 1511 2658 pred’m
1546 2603 1720 2646 Molen-

197 2676 349 2718 dinum
369 2689 416 2717 re
436 2675 599 2717 intrare
621 2680 664 2716 et
684 2674 728 2715 in
750 2674 981 2731 pristinum
998 2679 1157 2716 statum
1174 2681 1370 2716 nostrum
1386 2675 1487 2717 inde
1500 2690 1720 2719 resumere

196 2749 265 2791 Ac
297 2748 433 2790 dictos
469 2747 678 2789 Rob'tum
712 2751 757 2788 et
787 2746 817 2789 J
821 2746 962 2788 oh'em
990 2752 1033 2788 et
1065 2761 1343 2803 quoscunque
1375 2747 1481 2789 alios
1513 2748 1614 2791 inde
1645 2764 1720 2791 ex-

197 2821 359 2878 pellere
389 2826 432 2864 et
452 2834 652 2864 amovere
675 2820 775 2863 Hac
806 2819 1052 2863 dimissione
1082 2834 1169 2863 non
1191 2820 1388 2863 obstante
1419 2820 1474 2863 In
1509 2821 1632 2878 cujus
1656 2822 1718 2865 rei
