1834 3208
855 295 945 342 137

132 421 328 467 Ballivos
355 422 458 467 ville
483 422 537 466 de
558 423 866 467 Yevilchestra
895 430 938 468 et
972 424 1226 482 Burgenses
1253 424 1447 482 ejusdem
1475 426 1579 470 ville
1607 441 1662 470 ex

125 498 264 541 altera
301 503 424 554 parte
461 497 664 539 Testatur
700 498 830 548 Quod
872 498 1008 554 pred’i
1048 499 1266 555 Magister
1301 499 1449 541 Ric'us
1484 500 1662 544 Will’us

127 571 318 612 Thomas
339 570 529 612 Thomas
560 570 589 613 J
593 570 712 612 oh’es
746 570 936 613 Thomas
965 571 1151 614 Rob’tus
1178 578 1221 614 et
1250 572 1478 614 Walterus
1498 573 1659 616 Yarte-

123 645 278 686 combe
303 643 434 700 juxta
467 643 761 685 intencionem
795 650 837 685 et
869 644 1141 686 voluntatem
1177 645 1363 687 Roberti
1386 646 1498 688 Veel
1530 646 1589 688 Et
1615 647 1660 688 in

125 717 495 772 complementum
533 717 727 773 ejusdem
764 717 967 759 Liceneia
1002 718 1142 774 Regia
1169 725 1349 774 optenta
1383 719 1662 761 tradiderunt

124 790 382 832 dimiserunt
417 797 459 832 et
492 805 569 846 per
600 797 821 846 presentes
858 791 1229 833 confirmaverunt
1257 792 1434 847 prefatis
1462 792 1659 834 Roberto

126 863 309 919 Aughte
330 870 372 905 ct
394 864 596 906 Waltero
618 864 748 906 Wale
776 865 958 906 Ballivis
987 871 1030 908 et
1062 866 1365 921 Bui’gensibus
1387 865 1489 908 ville
1512 866 1660 922 pred'e

127 937 378 979 Manerium
416 938 469 980 de
503 938 801 995 Stokclynche
838 939 1132 996 Maiudeleyne
1163 954 1263 981 cum
1300 942 1433 995 pert’s
1472 940 1659 982 Necnon

123 1025 281 1052 novem
327 1011 561 1066 Mesuagia
603 1012 906 1069 Quadraginta
946 1019 990 1054 et
1030 1021 1127 1055 octo
1168 1028 1288 1055 acras
1329 1020 1445 1056 terre
1483 1014 1659 1070 Viginti

124 1098 245 1124 acras
269 1084 382 1139 prati
404 1085 491 1126 Sex
513 1099 633 1126 acras
655 1091 831 1140 pastui-e
847 1085 952 1127 Tres
970 1085 1150 1127 Solidat’
1167 1086 1362 1128 redditus
1379 1087 1445 1128 Ac
1463 1087 1659 1129 redditus

124 1156 253 1197 unius
276 1156 384 1198 libre
408 1163 449 1198 ct
471 1157 621 1198 dimid'
645 1157 805 1213 piperis
839 1164 881 1199 et
918 1158 1044 1199 unius
1077 1158 1186 1200 libre
1220 1159 1381 1200 cumini
1404 1174 1503 1201 cum
1527 1160 1658 1215 pert's

122 1229 167 1270 in
218 1230 332 1271 villis
388 1230 441 1271 de
493 1230 791 1287 Stokelynche
834 1231 1128 1287 Mandeleyne
1169 1232 1319 1288 pred’a
1360 1232 1658 1289 Stokelynche

125 1303 342 1359 Ostryser,
373 1304 690 1355 Yevilchestre,
716 1304 1038 1361 Lymyngtone‚
1065 1305 1356 1357 Northovere‚
1388 1307 1660 1358 Somertone,

124 1377 332 1433 Erleighe
368 1384 411 1419 et
441 1377 487 1419 in
524 1377 742 1419 Parochia
773 1378 827 1419 de
862 1378 1120 1420 Somertone
1152 1394 1251 1420 cum
1285 1380 1417 1435 pert's
1453 1380 1498 1420 in
1533 1380 1658 1425 Com.

124 1449 312 1492 Somers.
346 1450 444 1500 Que
467 1465 606 1506 nuper
628 1451 805 1492 fuerunt
838 1451 941 1492 dicti
976 1451 1159 1493 Roberti
1182 1452 1293 1494 Veel
1318 1453 1585 1495 Habendum
1615 1459 1659 1494 et

123 1522 381 1564 Tenendum
406 1523 659 1564 Manerium
693 1530 830 1564 terras
858 1530 901 1564 et
929 1524 1063 1564 ten’ta
1087 1524 1237 1579 pred'a
1263 1539 1314 1566 ac
1341 1525 1426 1566 alia
1447 1525 1659 1580 premissa

124 1611 224 1638 cum
260 1597 392 1652 pert's
423 1596 611 1638 Prefatis
635 1597 818 1639 Ba'llivis
854 1603 897 1638 et
932 1598 1233 1653 Bul-gensibus
1261 1604 1304 1639 et
1339 1599 1657 1641 successoribus

123 1670 211 1711 suis
249 1670 320 1711 De
358 1669 630 1725 capitalibus
664 1670 867 1712 Dominis
901 1671 1036 1712 Feodi
1072 1671 1189 1713 illius
1224 1686 1303 1727 per
1339 1672 1519 1714 servicia
1554 1672 1656 1714 inde

124 1743 270 1785 debita
310 1749 353 1784 et
393 1750 599 1785 consueta
630 1744 861 1799 imperp'm
897 1744 970 1785 Ad
1010 1745 1257 1786 inveniend’
1299 1751 1342 1787 et
1375 1745 1656 1787 sustendand’

122 1816 320 1872 imper’m
370 1817 424 1858 de
485 1817 671 1858 exitibus
726 1823 770 1859 et
834 1818 1040 1873 proficuis
1102 1818 1296 1860 Manerii
1346 1825 1562 1860 terrarum
1614 1824 1659 1861 et

122 1895 336 1932 ten’orum
400 1890 621 1946 pred'rum
680 1906 780 1932 cum
846 1892 978 1947 pert-'s
1028 1892 1280 1933 Secundum
1330 1893 1654 1935 ordinacionem

123 1968 166 2004 et
222 1963 493 2006 voluntatem
546 1963 683 2019 pred'i
746 1964 928 2005 Roberti
983 1964 1092 2006 Veel
1150 1965 1356 2021 Quinque
1406 1966 1462 2008 ad
1512 1967 1656 2008 minus

124 2036 211 2080 Sex
261 2037 332 2079 vel
383 2038 564 2093 Septem
624 2052 837 2093 pauperes
898 2038 1094 2080 homines
1155 2039 1318 2080 debiles
1374 2040 1493 2081 senio
1553 2054 1656 2081 con-

122 2110 281 2152 fractos
313 2116 356 2152 et
396 2111 450 2152 ad
487 2111 775 2152 laborandum
812 2112 1074 2167 impotentes
1110 2112 1155 2153 in
1190 2112 1378 2168 quadam
1418 2113 1566 2154 Domo
1600 2113 1654 2155 de

122 2198 235 2226 novo
268 2198 346 2240 per
381 2184 523 2239 ipsum
557 2184 804 2226 Robertum
837 2184 948 2227 Veel
986 2184 1030 2225 in
1070 2184 1376 2227 Yevilchestre
1411 2186 1561 2241 pred'a
1600 2201 1654 2228 ex

122 2257 320 2312 opposito
345 2257 478 2299 Porte
515 2257 729 2299 Orientali
766 2258 973 2299 Fratrum
1012 2258 1344 2300 predicatorum
1380 2259 1542 2301 ibidem
1573 2275 1653 2316 pro

121 2329 394 2371 habitacione
426 2330 641 2371 dictorum
677 2345 920 2386 pauperum
949 2337 1196 2373 constructa
1226 2338 1571 2374 commoraturos
1594 2334 1654 2375 Et

121 2403 237 2458 quod
277 2403 395 2445 omni
430 2409 626 2459 tempore
663 2403 809 2445 futuro
839 2404 1068 2460 imperp'm
1107 2405 1247 2447 exitus
1289 2412 1332 2447 et
1372 2406 1569 2462 proficua
1601 2406 1655 2448 de

124 2476 286 2517 eisdem
311 2476 514 2518 Manerio
536 2477 663 2518 terris
685 2484 727 2518 et
749 2478 892 2519 ten’tis
923 2485 965 2519 et
992 2478 1087 2519 aliis
1110 2479 1329 2534 premissis
1347 2480 1653 2535 proveniencia

121 2548 177 2590 ad
198 2563 324 2590 usum
352 2549 568 2591 dictorum
590 2564 832 2605 pauperum
854 2550 1014 2591 ibidem
1045 2565 1124 2606 pro
1145 2558 1342 2607 tempore
1373 2551 1652 2593 existentium

113 2621 244 2677 juxta
264 2622 442 2664 modum
465 2628 507 2664 et
528 2623 713 2664 formam
735 2623 964 2679 subscript’
997 2631 1306 2666 convertentur
1328 2639 1405 2680 per
1427 2625 1586 2666 bonam
1609 2630 1653 2665 et

122 2695 352 2737 discretam
375 2695 739 2750 gubernacionem
761 2696 973 2738 dictorum
990 2697 1266 2739 Ballivorum
1290 2704 1332 2738 et
1353 2711 1650 2738 successorum

121 2782 298 2809 suorum
333 2769 607 2811 Ballivorum
641 2769 836 2826 ejusdem
871 2770 972 2812 ville
1009 2771 1076 2812 Ac
1112 2771 1243 2812 iidem
1277 2770 1441 2811 Ballivi
1479 2775 1522 2810 et
1557 2783 1651 2810 suc-

122 2853 309 2882 cessores
350 2840 417 2882 sui
457 2855 606 2883 omnes
639 2841 774 2884 dictos
810 2857 1024 2898 pauperes
1060 2848 1102 2885 et
1143 2857 1295 2885 eorum
1331 2841 1567 2898 quemlibet
1605 2842 1652 2883 in
