1834 3208
897 275 994 323 114

180 404 378 446 denarios
415 418 466 445 ex
495 405 632 447 causis
662 405 911 461 prescriptis
933 403 1262 459 Residuumque
1292 401 1394 443 inde
1414 401 1573 444 eisdem
1600 417 1705 459 pau-

177 472 349 525 peribus
372 471 415 511 in
440 473 649 514 auxilium
671 471 999 513 sustentacionis
1035 470 1273 512 eorundem
1300 475 1343 511 et
1372 469 1542 511 Domus
1571 471 1707 525 pre’te

177 536 444 590 temporibus
472 537 676 593 congruis
708 536 895 578 fideliter
930 535 1179 592 persolvent
1215 534 1455 589 ceteraque
1489 535 1634 575 omnia
1665 540 1708 575 et

178 614 351 669 singula
372 615 531 657 facient
552 616 612 657 sic
627 621 682 657 ⁴ut
703 615 737 656 si
767 621 882 657 terre
915 620 958 656 et
991 616 1126 655 ten’ta
1155 613 1231 654 illa
1264 612 1642 654 Amortizarentur
1663 612 1706 652 in

176 688 296 728 o'bus
317 689 427 729 sicut
448 689 644 744 superius
666 687 931 729 declaratum
967 686 1113 728 existit
1150 686 1211 726 Et
1246 685 1418 726 interim
1440 684 1708 726 consimilem

175 761 541 814 gubernacionem
562 760 723 801 faciant
743 765 786 800 et
805 759 995 800 habeant
1028 758 1262 813 supradicti
1297 756 1458 798 feoffati
1479 756 1564 797 mei
1585 755 1706 797 here-

178 832 251 873 des
274 838 316 873 et
338 833 464 888 assig.
486 833 551 873 sui
589 833 633 872 in
667 837 709 873 et
744 832 798 872 de
836 831 1002 872 om’bus
1033 837 1076 871 et
1111 830 1293 885 singulis
1315 829 1707 885 gubernacionibus

178 905 479 960 suprascriptis
520 905 555 946 si
595 904 789 945 unanimi
830 918 1005 944 assensu
1052 917 1201 944 eorum
1241 902 1502 944 concordare
1543 901 1709 957 possint

176 977 368 1032 alioquin
409 992 487 1033 per
520 992 670 1019 eorum
701 977 911 1033 majorem
935 982 1103 1032 partem
1126 990 1350 1031 quousque
1383 975 1528 1030 aliqua
1550 975 1708 1015 Amor-

177 1049 323 1091 tizatio
363 1055 580 1091 terrarum
631 1055 674 1091 et
713 1050 928 1090 ten'orum
969 1048 1186 1104 pre'orum
1227 1053 1303 1088 aut
1342 1047 1534 1103 ejusdem
1576 1047 1709 1087 annui

178 1122 372 1164 redditus
394 1129 442 1164 ut
463 1123 660 1178 superius
682 1127 939 1163 annotatum
956 1128 1019 1162 est
1039 1121 1083 1162 in
1100 1120 1299 1162 omnibus
1320 1119 1631 1175 perimpleatur
1649 1119 1710 1160 Et

178 1195 213 1235 si
234 1195 373 1237 dictus
394 1196 592 1237 annualis
625 1195 821 1236 redditus
853 1201 1039 1250 quatuor
1075 1193 1214 1235 decim
1254 1193 1510 1234 Marcarum
1546 1192 1709 1233 eisdem

180 1267 363 1310 Ballivis
380 1275 422 1310 et
443 1270 530 1310 suc'
553 1269 698 1310 oribus
720 1268 807 1309 suis
828 1268 955 1323 pre’is
974 1282 1049 1323 per
1066 1266 1202 1308 dictos
1219 1266 1370 1307 feof’os
1391 1280 1509 1307 meos
1531 1266 1709 1307 heredes

178 1346 221 1382 et
256 1342 364 1383 as'os
399 1356 498 1383 suos
529 1348 604 1382 aut
637 1356 784 1383 eorum
821 1341 1010 1396 aliquem
1037 1355 1114 1395 per
1143 1340 1388 1381 Licenciam
1422 1339 1609 1394 Regiam
1645 1353 1709 1380 se-

178 1414 370 1455 cundum
407 1415 591 1456 formam
617 1420 660 1456 et
692 1414 891 1455 effectum
928 1413 1076 1469 pred’a
1104 1413 1158 1454 sit
1194 1427 1272 1467 pro
1304 1418 1514 1467 perpetuo
1552 1413 1708 1454 Amor-

177 1476 333 1529 tizatus
375 1494 418 1529 et
458 1487 588 1529 iidem
631 1487 795 1528 Ballivi
835 1487 879 1527 in
921 1486 1051 1541 plena
1085 1486 1241 1527 seisina
1281 1485 1474 1541 ejusdem
1514 1485 1710 1526 redditus

182 1558 370 1600 existant
392 1559 520 1609 Quod
542 1565 647 1600 tunc
668 1558 797 1599 iidem
819 1558 968 1598 Willus
988 1558 1187 1613 Egidius,
1209 1558 1296 1607 &c.,
1317 1557 1496 1598 heredes
1518 1563 1561 1598 et
1581 1557 1709 1613 assig-

180 1632 247 1672 sui
278 1631 391 1673 infra
423 1632 651 1673 dimidium
699 1646 861 1673 annum
893 1646 945 1673 ex
973 1637 1077 1672 tunc
1109 1630 1306 1686 proxime
1336 1636 1586 1685 sequentem
1614 1636 1712 1686 post

179 1704 380 1745 seisinam
430 1704 624 1760 ejusdem
666 1704 859 1745 redditus
899 1704 943 1743 in
984 1703 1124 1744 forma
1173 1703 1309 1758 pre'ta
1349 1702 1476 1757 plene
1516 1703 1709 1744 habitam

181 1777 443 1819 Feoffabunt
474 1777 679 1818 heredem
706 1791 853 1817 meum
884 1775 953 1817 vel
983 1775 1163 1816 heredes
1196 1775 1279 1816 mei
1318 1775 1496 1830 predicti
1529 1776 1711 1818 Roberti

183 1850 294 1891 Veel
315 1864 445 1906 quem
479 1850 549 1892 vel
584 1864 691 1905 quos
724 1849 998 1904 superstitem
1031 1848 1100 1890 vel
1130 1848 1380 1903 superstites
1410 1848 1464 1889 ad
1495 1855 1599 1890 tunc
1620 1849 1711 1890 fore

181 1923 414 1979 contigerit
435 1923 480 1964 in
511 1929 554 1964 et
585 1923 638 1964 de
669 1923 869 1964 omnibus
893 1923 1020 1977 pre'is
1048 1922 1174 1962 terris
1203 1927 1244 1963 et
1276 1922 1419 1963 ten'tis
1450 1937 1548 1963 cum
1577 1924 1711 1977 pert’s

183 1997 454 2039 Habendum
475 1997 555 2038 sibi
576 1996 750 2038 her’bus
787 2001 829 2037 et
855 1995 969 2036 as’tis
991 1995 1077 2036 suis
1098 1995 1369 2050 imperpet’m
1402 1994 1711 2050 Supportando

183 2084 291 2112 onus
319 2070 485 2125 pred'm
521 2075 563 2111 et
598 2068 841 2110 faciendum
871 2069 970 2109 inde
1004 2068 1150 2109 omnia
1180 2067 1265 2109 alia
1295 2082 1428 2109 onera
1462 2073 1505 2109 et
1531 2068 1711 2110 servicia

181 2144 284 2185 inde
304 2143 449 2184 debita
466 2148 509 2183 et
529 2147 733 2183 consueta
754 2142 813 2182 Et
833 2141 868 2182 si
890 2141 950 2181 ita
977 2141 1203 2196 contingat
1230 2140 1345 2195 quod
1373 2140 1471 2181 talis
1495 2141 1710 2183 concessio

185 2217 288 2258 dicti
308 2215 506 2257 annualis
527 2214 721 2256 redditus
742 2214 1069 2270 quatuordecim
1092 2228 1335 2254 marcarum
1364 2228 1441 2268 per
1464 2213 1710 2255 Licenciam

183 2290 368 2345 Regiam
389 2288 519 2329 modo
542 2294 584 2329 et
604 2287 743 2328 forma
764 2287 891 2342 pre’is
913 2286 1007 2327 fieri
1028 2301 1114 2327 non
1143 2286 1302 2341 poterit
1323 2286 1412 2328 ullo
1435 2287 1563 2328 modo
1581 2287 1710 2337 Quod

183 2369 288 2405 tunc
308 2362 440 2403 iidem
462 2361 609 2403 Willus
631 2360 828 2415 Egfflius,
850 2360 937 2410 &c.,
959 2359 1140 2400 heredes
1171 2365 1213 2400 et
1242 2359 1337 2400 as’ti
1367 2359 1432 2400 sui
1459 2366 1534 2400 aut
1561 2374 1709 2401 eorum

183 2435 336 2491 aliquis
357 2434 596 2476 feoffabunt
615 2433 807 2474 feoffabit
833 2432 993 2473 her’em
1015 2431 1085 2473 vel
1113 2431 1259 2473 he’des
1289 2432 1374 2473 mei
1406 2432 1507 2487 pr’ti
1529 2432 1712 2474 Roberti

183 2509 297 2553 Veel
338 2522 467 2564 quem
505 2506 576 2549 vel
616 2520 723 2561 quos
763 2506 1037 2561 superstitem
1078 2505 1148 2547 vel
1188 2506 1348 2561 sup'tes
1383 2505 1438 2546 ad
1477 2511 1581 2547 tunc
1621 2506 1711 2548 fore

184 2581 416 2637 contigerit
438 2580 491 2621 de
512 2580 649 2621 om’us
665 2579 791 2620 terris
809 2585 851 2620 et
873 2579 1014 2620 ten'tis
1032 2578 1159 2634 pre'is
1176 2593 1275 2620 cum
1292 2579 1424 2633 pert’s
1443 2578 1711 2621 Habendum

183 2655 456 2698 sibiher'bus
492 2658 535 2694 et
575 2652 689 2694 as’tis
725 2652 811 2693 suis
850 2652 1034 2707 imperp.
1071 2651 1118 2694 Si
1152 2651 1267 2692 idem
1307 2651 1430 2692 heres
1462 2651 1531 2693 vel
1566 2651 1711 2693 he’des

184 2743 314 2785 super
346 2726 647 2769 liberationem
680 2725 833 2766 seisine
872 2725 910 2765 ei
949 2724 1018 2766 vel
1050 2724 1109 2766 eis
1141 2724 1242 2765 inde
1277 2723 1388 2765 facte
1423 2724 1712 2780 quadraginta

183 2802 315 2844 libras
336 2800 489 2856 legalis
524 2803 696 2842 monete
729 2797 891 2853 Anglie
918 2797 1093 2853 prefatis
1114 2796 1326 2848 Will’mo,
1356 2798 1445 2848 &c.,
1475 2797 1646 2839 her’bus
1668 2803 1710 2838 et
