<?xml version="1.0" encoding="UTF-8"?>
<!DOCTYPE html PUBLIC "-//W3C//DTD XHTML 1.0 Transitional//EN"
    "http://www.w3.org/TR/xhtml1/DTD/xhtml1-transitional.dtd">
<html xmlns="http://www.w3.org/1999/xhtml" xml:lang="en" lang="en">
 <head>
  <title>
</title>
<meta http-equiv="Content-Type" content="text/html;charset=utf-8" />
  <meta name='ocr-system' content='tesseract 3.04.00' />
  <meta name='ocr-capabilities' content='ocr_page ocr_carea ocr_par ocr_line ocrx_word'/>
</head>
<body>
  <div class='ocr_page' id='page_1' title='image "./ilchesteralmshou00buckrich_0100.png"; bbox 0 0 1834 3208; ppageno 0'>
   <div class='ocr_carea' id='block_1_1' title="bbox 879 284 943 333">
    <p class='ocr_par' dir='ltr' id='par_1_1' title="bbox 879 284 943 333">
     <span class='ocr_line' id='line_1_1' title="bbox 879 284 943 333; baseline 0.031 -2"><span class='ocrx_word' id='word_1_1' title='bbox 879 284 943 333; x_wconf 81' lang='lat'>92</span> 
     </span>
    </p>
   </div>
   <div class='ocr_carea' id='block_1_2' title="bbox 148 412 1678 975">
    <p class='ocr_par' dir='ltr' id='par_1_2' title="bbox 148 412 1678 975">
     <span class='ocr_line' id='line_1_2' title="bbox 150 412 1672 457; baseline 0.001 -1"><span class='ocrx_word' id='word_1_2' title='bbox 150 414 384 457; x_wconf 83' lang='lat' dir='ltr'>Warantia</span> <span class='ocrx_word' id='word_1_3' title='bbox 403 413 485 456; x_wconf 80' lang='lat' dir='ltr'>ista</span> <span class='ocrx_word' id='word_1_4' title='bbox 503 426 593 455; x_wconf 88' lang='lat' dir='ltr'>non</span> <span class='ocrx_word' id='word_1_5' title='bbox 619 427 665 455; x_wconf 80' lang='lat' dir='ltr'>se</span> <span class='ocrx_word' id='word_1_6' title='bbox 700 413 905 456; x_wconf 85' lang='lat' dir='ltr'>extendat</span> <span class='ocrx_word' id='word_1_7' title='bbox 928 419 1004 455; x_wconf 84' lang='lat' dir='ltr'>aut</span> <span class='ocrx_word' id='word_1_8' title='bbox 1022 412 1112 456; x_wconf 80' lang='lat' dir='ltr'>vim</span> <span class='ocrx_word' id='word_1_9' title='bbox 1144 412 1302 456; x_wconf 82' lang='lat' dir='ltr'>habeat</span> <span class='ocrx_word' id='word_1_10' title='bbox 1322 412 1375 455; x_wconf 87' lang='lat' dir='ltr'>ad</span> <span class='ocrx_word' id='word_1_11' title='bbox 1397 412 1603 457; x_wconf 86' lang='lat' dir='ltr'>reddend’</span> <span class='ocrx_word' id='word_1_12' title='bbox 1625 414 1672 457; x_wconf 88' lang='lat' dir='ltr'>in</span> 
     </span>
     <span class='ocr_line' id='line_1_3' title="bbox 151 486 1674 542; baseline 0.001 -13"><span class='ocrx_word' id='word_1_13' title='bbox 151 487 345 529; x_wconf 81' lang='lat' dir='ltr'>valorem</span> <span class='ocrx_word' id='word_1_14' title='bbox 386 500 538 529; x_wconf 84' lang='lat' dir='ltr'>eorum</span> <span class='ocrx_word' id='word_1_15' title='bbox 576 486 677 528; x_wconf 87' lang='lat' dir='ltr'>licet</span> <span class='ocrx_word' id='word_1_16' title='bbox 716 501 793 542; x_wconf 88' lang='lat' dir='ltr'>per</span> <span class='ocrx_word' id='word_1_17' title='bbox 832 487 1021 542; x_wconf 84' lang='lat' dir='ltr'>aliquem</span> <span class='ocrx_word' id='word_1_18' title='bbox 1067 486 1201 528; x_wconf 80' lang='lat' dir='ltr'>alium</span> <span class='ocrx_word' id='word_1_19' title='bbox 1240 486 1381 529; x_wconf 80' lang='lat' dir='ltr'>vocati</span> <span class='ocrx_word' id='word_1_20' title='bbox 1419 488 1580 529; x_wconf 80' lang='lat' dir='ltr'>erimus</span> <span class='ocrx_word' id='word_1_21' title='bbox 1617 487 1674 531; x_wconf 83' lang='lat' dir='ltr'>ad</span> 
     </span>
     <span class='ocr_line' id='line_1_4' title="bbox 148 557 1673 600; baseline 0 0"><span class='ocrx_word' id='word_1_22' title='bbox 148 557 478 600; x_wconf 82' lang='lat' dir='ltr'>Warantizand’</span> <span class='ocrx_word' id='word_1_23' title='bbox 499 559 578 600; x_wconf 86' lang='lat' dir='ltr'>Set</span> <span class='ocrx_word' id='word_1_24' title='bbox 607 559 816 600; x_wconf 86' lang='lat' dir='ltr'>warantia</span> <span class='ocrx_word' id='word_1_25' title='bbox 850 558 932 600; x_wconf 86' lang='lat' dir='ltr'>ista</span> <span class='ocrx_word' id='word_1_26' title='bbox 963 558 1107 600; x_wconf 84' lang='lat' dir='ltr'>locum</span> <span class='ocrx_word' id='word_1_27' title='bbox 1138 563 1182 600; x_wconf 87' lang='lat' dir='ltr'>et</span> <span class='ocrx_word' id='word_1_28' title='bbox 1211 557 1301 600; x_wconf 84' lang='lat' dir='ltr'>vim</span> <span class='ocrx_word' id='word_1_29' title='bbox 1321 558 1480 600; x_wconf 85' lang='lat' dir='ltr'>habeat</span> <span class='ocrx_word' id='word_1_30' title='bbox 1499 558 1554 600; x_wconf 85' lang='lat' dir='ltr'>ad</span> <span class='ocrx_word' id='word_1_31' title='bbox 1575 559 1673 600; x_wconf 87' lang='lat' dir='ltr'>bar·</span> 
     </span>
     <span class='ocr_line' id='line_1_5' title="bbox 149 629 1675 686; baseline -0.001 -14"><span class='ocrx_word' id='word_1_32' title='bbox 149 630 271 672; x_wconf 82' lang='lat' dir='ltr'>rand&#39;</span> <span class='ocrx_word' id='word_1_33' title='bbox 293 636 337 672; x_wconf 86' lang='lat' dir='ltr'>et</span> <span class='ocrx_word' id='word_1_34' title='bbox 357 629 611 672; x_wconf 72' lang='lat' dir='ltr'>excludend’</span> <span class='ocrx_word' id='word_1_35' title='bbox 632 629 733 672; x_wconf 87' lang='lat' dir='ltr'>inde</span> <span class='ocrx_word' id='word_1_36' title='bbox 754 644 824 672; x_wconf 86' lang='lat' dir='ltr'>me</span> <span class='ocrx_word' id='word_1_37' title='bbox 859 635 903 671; x_wconf 88' lang='lat' dir='ltr'>et</span> <span class='ocrx_word' id='word_1_38' title='bbox 931 630 1111 672; x_wconf 86' lang='lat' dir='ltr'>heredes</span> <span class='ocrx_word' id='word_1_39' title='bbox 1132 644 1250 672; x_wconf 82' lang='lat' dir='ltr'>meos</span> <span class='ocrx_word' id='word_1_40' title='bbox 1270 630 1453 686; x_wconf 77' lang='lat' dir='ltr'>imperp.</span> <span class='ocrx_word' id='word_1_41' title='bbox 1476 630 1531 672; x_wconf 90' lang='lat' dir='ltr'>In</span> <span class='ocrx_word' id='word_1_42' title='bbox 1551 631 1675 686; x_wconf 84' lang='lat' dir='ltr'>eujus</span> 
     </span>
     <span class='ocr_line' id='line_1_6' title="bbox 150 702 1676 759; baseline 0 -15"><span class='ocrx_word' id='word_1_43' title='bbox 150 704 212 744; x_wconf 88' lang='lat' dir='ltr'>rei</span> <span class='ocrx_word' id='word_1_44' title='bbox 239 704 398 745; x_wconf 85' lang='lat' dir='ltr'>testim.</span> <span class='ocrx_word' id='word_1_45' title='bbox 424 702 549 759; x_wconf 78' lang='lat' dir='ltr'>Sigil.</span> <span class='ocrx_word' id='word_1_46' title='bbox 577 717 724 745; x_wconf 89' lang='lat' dir='ltr'>meum</span> <span class='ocrx_word' id='word_1_47' title='bbox 755 703 950 758; x_wconf 86' lang='lat' dir='ltr'>pres’bus</span> <span class='ocrx_word' id='word_1_48' title='bbox 982 703 1177 759; x_wconf 85' lang='lat' dir='ltr'>apposui.</span> <span class='ocrx_word' id='word_1_49' title='bbox 1210 703 1313 744; x_wconf 84' lang='lat' dir='ltr'>Hiis</span> <span class='ocrx_word' id='word_1_50' title='bbox 1346 708 1443 747; x_wconf 82' lang='lat' dir='ltr'>test.</span> <span class='ocrx_word' id='word_1_51' title='bbox 1479 703 1676 745; x_wconf 80' lang='lat' dir='ltr'>Roberto</span> 
     </span>
     <span class='ocr_line' id='line_1_7' title="bbox 149 774 1677 832; baseline -0.001 -14"><span class='ocrx_word' id='word_1_52' title='bbox 149 775 272 832; x_wconf 81' lang='lat' dir='ltr'>Grey</span> <span class='ocrx_word' id='word_1_53' title='bbox 302 776 408 819; x_wconf 76' lang='lat' dir='ltr'>Joh⁸</span> <span class='ocrx_word' id='word_1_54' title='bbox 441 775 669 818; x_wconf 85' lang='lat' dir='ltr'>Crukerne</span> <span class='ocrx_word' id='word_1_55' title='bbox 694 775 824 816; x_wconf 88' lang='lat' dir='ltr'>Will⁰</span> <span class='ocrx_word' id='word_1_56' title='bbox 856 775 1072 818; x_wconf 83' lang='lat' dir='ltr'>Coventre</span> <span class='ocrx_word' id='word_1_57' title='bbox 1101 776 1131 818; x_wconf 84' lang='lat' dir='ltr'><strong>J</strong></span> <span class='ocrx_word' id='word_1_58' title='bbox 1135 775 1208 817; x_wconf 76' lang='lat' dir='ltr'>oh⁶</span> <span class='ocrx_word' id='word_1_59' title='bbox 1243 775 1400 817; x_wconf 73' lang='lat' dir='ltr'>Hunte</span> <span class='ocrx_word' id='word_1_60' title='bbox 1434 774 1590 817; x_wconf 80' lang='lat' dir='ltr'>clerico</span> <span class='ocrx_word' id='word_1_61' title='bbox 1617 775 1677 817; x_wconf 79' lang='lat' dir='ltr'>Et</span> 
     </span>
     <span class='ocr_line' id='line_1_8' title="bbox 148 847 1678 903; baseline 0.001 -14"><span class='ocrx_word' id='word_1_62' title='bbox 148 848 242 889; x_wconf 84' lang='lat' dir='ltr'>aliis</span> <span class='ocrx_word' id='word_1_63' title='bbox 283 848 453 889; x_wconf 87' lang='lat' dir='ltr'>Datum</span> <span class='ocrx_word' id='word_1_64' title='bbox 493 847 562 889; x_wconf 90' lang='lat' dir='ltr'>die</span> <span class='ocrx_word' id='word_1_65' title='bbox 603 847 729 889; x_wconf 86' lang='lat' dir='ltr'>Lune</span> <span class='ocrx_word' id='word_1_66' title='bbox 769 861 893 903; x_wconf 75' lang='lat' dir='ltr'>prOX.</span> <span class='ocrx_word' id='word_1_67' title='bbox 933 854 1030 903; x_wconf 86' lang='lat' dir='ltr'>post</span> <span class='ocrx_word' id='word_1_68' title='bbox 1072 849 1187 890; x_wconf 84' lang='lat' dir='ltr'>Fest.</span> <span class='ocrx_word' id='word_1_69' title='bbox 1226 847 1522 891; x_wconf 76' lang='lat' dir='ltr'>Exaltacionis</span> <span class='ocrx_word' id='word_1_70' title='bbox 1562 847 1678 890; x_wconf 81' lang='lat' dir='ltr'>S’cte</span> 
     </span>
     <span class='ocr_line' id='line_1_9' title="bbox 150 917 1571 975; baseline 0 -13"><span class='ocrx_word' id='word_1_71' title='bbox 150 919 302 962; x_wconf 82' lang='lat' dir='ltr'>Crucis</span> <span class='ocrx_word' id='word_1_72' title='bbox 322 933 423 962; x_wconf 81' lang='lat' dir='ltr'>ann.</span> <span class='ocrx_word' id='word_1_73' title='bbox 444 933 537 975; x_wconf 81' lang='lat' dir='ltr'>reg.</span> <span class='ocrx_word' id='word_1_74' title='bbox 560 917 673 975; x_wconf 87' lang='lat' dir='ltr'>Reg.</span> <span class='ocrx_word' id='word_1_75' title='bbox 696 918 882 961; x_wconf 76' lang='lat' dir='ltr'>Hem-ici</span> <span class='ocrx_word' id='word_1_76' title='bbox 904 918 1060 968; x_wconf 79' lang='lat' dir='ltr'>Quarti</span> <span class='ocrx_word' id='word_1_77' title='bbox 1081 924 1178 975; x_wconf 88' lang='lat' dir='ltr'>post</span> <span class='ocrx_word' id='word_1_78' title='bbox 1198 926 1340 975; x_wconf 79' lang='lat' dir='ltr'>conqm</span> <span class='ocrx_word' id='word_1_79' title='bbox 1360 919 1571 975; x_wconf 88' lang='lat' dir='ltr'>Septimo.</span> 
     </span>
    </p>
   </div>
   <div class='ocr_carea' id='block_1_3' title="bbox 782 1030 915 1036">
    <p class='ocr_par' dir='ltr' id='par_1_3' title="bbox 782 1030 915 1036">
     <span class='ocr_line' id='line_1_10' title="bbox 782 1030 915 1036; baseline 0 0"><span class='ocrx_word' id='word_1_80' title='bbox 782 1030 915 1036; x_wconf 95' lang='lat' dir='ltr'> </span> 
     </span>
    </p>
   </div>
   <div class='ocr_carea' id='block_1_4' title="bbox 918 1030 1049 1037">
    <p class='ocr_par' dir='ltr' id='par_1_4' title="bbox 918 1030 1049 1037">
     <span class='ocr_line' id='line_1_11' title="bbox 918 1030 1049 1037; baseline 0 0"><span class='ocrx_word' id='word_1_81' title='bbox 918 1030 1049 1037; x_wconf 95' lang='lat' dir='ltr'> </span> 
     </span>
    </p>
   </div>
   <div class='ocr_carea' id='block_1_5' title="bbox 148 1082 1687 1662">
    <p class='ocr_par' dir='ltr' id='par_1_5' title="bbox 148 1082 1687 1586">
     <span class='ocr_line' id='line_1_12' title="bbox 266 1082 1678 1151; baseline 0.001 -15"><span class='ocrx_word' id='word_1_82' title='bbox 266 1093 460 1136; x_wconf 86' lang='lat' dir='ltr'>Riehard</span> <span class='ocrx_word' id='word_1_83' title='bbox 496 1082 686 1149; x_wconf 70' lang='lat' dir='ltr'>Clopton</span> <span class='ocrx_word' id='word_1_84' title='bbox 718 1092 897 1135; x_wconf 79' lang='lat' dir='ltr'>brother</span> <span class='ocrx_word' id='word_1_85' title='bbox 932 1092 1017 1134; x_wconf 84' lang='lat' dir='ltr'>and</span> <span class='ocrx_word' id='word_1_86' title='bbox 1051 1091 1147 1135; x_wconf 88' lang='lat' dir='ltr'>heir</span> <span class='ocrx_word' id='word_1_87' title='bbox 1181 1093 1232 1135; x_wconf 88' lang='lat' dir='ltr'>of</span> <span class='ocrx_word' id='word_1_88' title='bbox 1256 1093 1431 1136; x_wconf 83' lang='lat' dir='ltr'>Walter</span> <span class='ocrx_word' id='word_1_89' title='bbox 1473 1094 1678 1151; x_wconf 72' lang='lat' dir='ltr'>Clopton,</span> 
     </span>
     <span class='ocr_line' id='line_1_13' title="bbox 151 1165 1679 1224; baseline 0.001 -15"><span class='ocrx_word' id='word_1_90' title='bbox 151 1167 327 1224; x_wconf 82' lang='lat' dir='ltr'>knight,</span> <span class='ocrx_word' id='word_1_91' title='bbox 348 1166 579 1217; x_wconf 78' lang='lat' dir='ltr'>deceased3</span> <span class='ocrx_word' id='word_1_92' title='bbox 609 1172 656 1207; x_wconf 83' lang='lat' dir='ltr'>to</span> <span class='ocrx_word' id='word_1_93' title='bbox 691 1165 831 1206; x_wconf 82' lang='lat' dir='ltr'>Willm</span> <span class='ocrx_word' id='word_1_94' title='bbox 855 1165 1134 1216; x_wconf 80' lang='lat' dir='ltr'>Haukesord,</span> <span class='ocrx_word' id='word_1_95' title='bbox 1155 1166 1232 1207; x_wconf 85' lang='lat' dir='ltr'>knt</span> <span class='ocrx_word' id='word_1_96' title='bbox 1293 1197 1303 1208; x_wconf 91' lang='lat'>.</span> <span class='ocrx_word' id='word_1_97' title='bbox 1365 1200 1376 1211; x_wconf 91' lang='grc'><strong>.</strong></span> <span class='ocrx_word' id='word_1_98' title='bbox 1438 1199 1447 1209; x_wconf 91' lang='grc'><strong>.</strong></span> <span class='ocrx_word' id='word_1_99' title='bbox 1508 1169 1679 1211; x_wconf 67' lang='lat' dir='ltr'>Robert</span> 
     </span>
     <span class='ocr_line' id='line_1_14' title="bbox 150 1238 1680 1294; baseline 0.002 -14"><span class='ocrx_word' id='word_1_100' title='bbox 150 1239 277 1291; x_wconf 74' lang='lat' dir='ltr'>VeeL</span> <span class='ocrx_word' id='word_1_101' title='bbox 297 1240 383 1282; x_wconf 83' lang='lat' dir='ltr'>and</span> <span class='ocrx_word' id='word_1_102' title='bbox 405 1239 588 1280; x_wconf 85' lang='lat' dir='ltr'>Alianor</span> <span class='ocrx_word' id='word_1_103' title='bbox 617 1239 770 1280; x_wconf 89' lang='lat' dir='ltr'>widow</span> <span class='ocrx_word' id='word_1_104' title='bbox 805 1239 856 1280; x_wconf 83' lang='lat' dir='ltr'>of</span> <span class='ocrx_word' id='word_1_105' title='bbox 882 1238 1056 1281; x_wconf 77' lang='lat' dir='ltr'>Walter</span> <span class='ocrx_word' id='word_1_106' title='bbox 1077 1238 1282 1294; x_wconf 83' lang='lat' dir='ltr'>Clopton,</span> <span class='ocrx_word' id='word_1_107' title='bbox 1303 1240 1392 1291; x_wconf 55' lang='lat' dir='ltr'>lint,</span> <span class='ocrx_word' id='word_1_108' title='bbox 1413 1240 1680 1283; x_wconf 76' lang='lat' dir='ltr'>deceased-</span> 
     </span>
     <span class='ocr_line' id='line_1_15' title="bbox 149 1310 1679 1369; baseline 0.001 -15"><span class='ocrx_word' id='word_1_109' title='bbox 149 1312 228 1354; x_wconf 85' lang='lat' dir='ltr'>All</span> <span class='ocrx_word' id='word_1_110' title='bbox 248 1313 314 1355; x_wconf 86' lang='lat' dir='ltr'>his</span> <span class='ocrx_word' id='word_1_111' title='bbox 334 1312 453 1368; x_wconf 81' lang='lat' dir='ltr'>right</span> <span class='ocrx_word' id='word_1_112' title='bbox 473 1312 516 1353; x_wconf 90' lang='lat' dir='ltr'>in</span> <span class='ocrx_word' id='word_1_113' title='bbox 537 1312 612 1353; x_wconf 83' lang='lat' dir='ltr'>the</span> <span class='ocrx_word' id='word_1_114' title='bbox 632 1326 785 1353; x_wconf 69' lang='lat' dir='ltr'>monor</span> <span class='ocrx_word' id='word_1_115' title='bbox 811 1311 861 1353; x_wconf 86' lang='lat' dir='ltr'>of</span> <span class='ocrx_word' id='word_1_116' title='bbox 880 1310 1178 1366; x_wconf 73' lang='lat' dir='ltr'>Stokelynche</span> <span class='ocrx_word' id='word_1_117' title='bbox 1200 1312 1506 1369; x_wconf 82' lang='lat' dir='ltr'>Mandeleyne,</span> <span class='ocrx_word' id='word_1_118' title='bbox 1526 1313 1613 1355; x_wconf 84' lang='lat' dir='ltr'>and</span> <span class='ocrx_word' id='word_1_119' title='bbox 1633 1314 1679 1355; x_wconf 88' lang='lat' dir='ltr'>in</span> 
     </span>
     <span class='ocr_line' id='line_1_16' title="bbox 150 1384 1679 1442; baseline 0.001 -15"><span class='ocrx_word' id='word_1_120' title='bbox 150 1385 209 1427; x_wconf 82' lang='lat' dir='ltr'>all</span> <span class='ocrx_word' id='word_1_121' title='bbox 230 1385 356 1427; x_wconf 80' lang='lat' dir='ltr'>lands</span> <span class='ocrx_word' id='word_1_122' title='bbox 387 1385 473 1427; x_wconf 90' lang='lat' dir='ltr'>and</span> <span class='ocrx_word' id='word_1_123' title='bbox 506 1390 752 1426; x_wconf 85' lang='lat' dir='ltr'>tenements</span> <span class='ocrx_word' id='word_1_124' title='bbox 783 1384 827 1424; x_wconf 92' lang='lat' dir='ltr'>in</span> <span class='ocrx_word' id='word_1_125' title='bbox 863 1384 960 1425; x_wconf 72' lang='lat' dir='ltr'>that</span> <span class='ocrx_word' id='word_1_126' title='bbox 979 1384 1170 1440; x_wconf 77' lang='lat' dir='ltr'>Village,</span> <span class='ocrx_word' id='word_1_127' title='bbox 1190 1385 1332 1426; x_wconf 76' lang='lat' dir='ltr'>which</span> <span class='ocrx_word' id='word_1_128' title='bbox 1367 1385 1572 1442; x_wconf 81' lang='lat' dir='ltr'>formerly</span> <span class='ocrx_word' id='word_1_129' title='bbox 1605 1387 1679 1429; x_wconf 91' lang='lat' dir='ltr'>be-</span> 
     </span>
     <span class='ocr_line' id='line_1_17' title="bbox 148 1456 1679 1515; baseline 0 -15"><span class='ocrx_word' id='word_1_130' title='bbox 148 1458 309 1515; x_wconf 86' lang='lat' dir='ltr'>longed</span> <span class='ocrx_word' id='word_1_131' title='bbox 348 1464 394 1500; x_wconf 81' lang='lat' dir='ltr'>to</span> <span class='ocrx_word' id='word_1_132' title='bbox 430 1458 507 1500; x_wconf 85' lang='lat' dir='ltr'>the</span> <span class='ocrx_word' id='word_1_133' title='bbox 539 1458 629 1499; x_wconf 83' lang='lat' dir='ltr'>said</span> <span class='ocrx_word' id='word_1_134' title='bbox 666 1456 840 1500; x_wconf 82' lang='lat' dir='ltr'>Walter</span> <span class='ocrx_word' id='word_1_135' title='bbox 900 1489 911 1499; x_wconf 92' lang='lat'><strong>.</strong></span> <span class='ocrx_word' id='word_1_136' title='bbox 972 1489 982 1499; x_wconf 91' lang='lat'><strong>.</strong></span> <span class='ocrx_word' id='word_1_137' title='bbox 1044 1490 1054 1501; x_wconf 86' lang='lat'><strong>.</strong></span> <span class='ocrx_word' id='word_1_138' title='bbox 1116 1490 1125 1500; x_wconf 87' lang='lat'>.</span> <span class='ocrx_word' id='word_1_139' title='bbox 1187 1457 1355 1500; x_wconf 80' lang='lat' dir='ltr'>Robert</span> <span class='ocrx_word' id='word_1_140' title='bbox 1390 1458 1525 1515; x_wconf 77' lang='lat' dir='ltr'>Grey,</span> <span class='ocrx_word' id='word_1_141' title='bbox 1556 1459 1679 1502; x_wconf 86' lang='lat' dir='ltr'>John</span> 
     </span>
     <span class='ocr_line' id='line_1_18' title="bbox 150 1529 1687 1586; baseline 0.001 -13"><span class='ocrx_word' id='word_1_142' title='bbox 150 1530 381 1574; x_wconf 85' lang='lat' dir='ltr'>Crukerne</span> <span class='ocrx_word' id='word_1_143' title='bbox 440 1564 451 1573; x_wconf 89' lang='lat'><strong>.</strong></span> <span class='ocrx_word' id='word_1_144' title='bbox 512 1562 521 1572; x_wconf 88' lang='lat'>.</span> <span class='ocrx_word' id='word_1_145' title='bbox 584 1562 594 1572; x_wconf 89' lang='lat'><strong>.</strong></span> <span class='ocrx_word' id='word_1_146' title='bbox 653 1529 796 1573; x_wconf 86' lang='lat' dir='ltr'>Given</span> <span class='ocrx_word' id='word_1_147' title='bbox 820 1544 876 1571; x_wconf 87' lang='lat' dir='ltr'>on</span> <span class='ocrx_word' id='word_1_148' title='bbox 899 1530 1095 1586; x_wconf 83' lang='lat' dir='ltr'>Monday</span> <span class='ocrx_word' id='word_1_149' title='bbox 1115 1536 1220 1571; x_wconf 82' lang='lat' dir='ltr'>next</span> <span class='ocrx_word' id='word_1_150' title='bbox 1250 1531 1359 1573; x_wconf 77' lang='lat' dir='ltr'>aster</span> <span class='ocrx_word' id='word_1_151' title='bbox 1388 1531 1463 1573; x_wconf 83' lang='lat' dir='ltr'>the</span> <span class='ocrx_word' id='word_1_152' title='bbox 1484 1532 1614 1574; x_wconf 79' lang='lat' dir='ltr'>Feast</span> <span class='ocrx_word' id='word_1_153' title='bbox 1635 1531 1687 1574; x_wconf 89' lang='lat' dir='ltr'>of</span> 
     </span>
    </p>

    <p class='ocr_par' dir='ltr' id='par_1_6' title="bbox 151 1602 1643 1662">
     <span class='ocr_line' id='line_1_19' title="bbox 151 1602 1643 1662; baseline 0.003 -18"><span class='ocrx_word' id='word_1_154' title='bbox 151 1604 226 1647; x_wconf 90' lang='lat' dir='ltr'>the</span> <span class='ocrx_word' id='word_1_155' title='bbox 248 1603 481 1647; x_wconf 82' lang='lat' dir='ltr'>Elevation</span> <span class='ocrx_word' id='word_1_156' title='bbox 502 1603 553 1646; x_wconf 85' lang='lat' dir='ltr'>of</span> <span class='ocrx_word' id='word_1_157' title='bbox 567 1602 690 1659; x_wconf 86' lang='lat' dir='ltr'>Holy</span> <span class='ocrx_word' id='word_1_158' title='bbox 712 1603 855 1645; x_wconf 76' lang='lat' dir='ltr'>Cross.</span> <span class='ocrx_word' id='word_1_159' title='bbox 915 1603 971 1644; x_wconf 89' lang='lat' dir='ltr'>In</span> <span class='ocrx_word' id='word_1_160' title='bbox 993 1602 1068 1644; x_wconf 89' lang='lat' dir='ltr'>the</span> <span class='ocrx_word' id='word_1_161' title='bbox 1089 1603 1163 1644; x_wconf 76' lang='lat' dir='ltr'>7th</span> <span class='ocrx_word' id='word_1_162' title='bbox 1187 1618 1290 1659; x_wconf 86' lang='lat' dir='ltr'>year</span> <span class='ocrx_word' id='word_1_163' title='bbox 1312 1604 1362 1647; x_wconf 88' lang='lat' dir='ltr'>of</span> <span class='ocrx_word' id='word_1_164' title='bbox 1377 1605 1535 1662; x_wconf 85' lang='lat' dir='ltr'>Henry</span> <span class='ocrx_word' id='word_1_165' title='bbox 1557 1605 1643 1649; x_wconf 91' lang='lat' dir='ltr'>IV.</span> 
     </span>
    </p>
   </div>
   <div class='ocr_carea' id='block_1_6' title="bbox 369 1771 1459 1828">
    <p class='ocr_par' dir='ltr' id='par_1_7' title="bbox 369 1771 1459 1828">
     <span class='ocr_line' id='line_1_20' title="bbox 369 1771 1459 1828; baseline 0.001 -15"><span class='ocrx_word' id='word_1_166' title='bbox 369 1771 458 1814; x_wconf 90' lang='lat' dir='ltr'>No.</span> <span class='ocrx_word' id='word_1_167' title='bbox 496 1774 567 1816; x_wconf 87' lang='grc'>96.</span> <span class='ocrx_word' id='word_1_168' title='bbox 608 1773 766 1827; x_wconf 81' lang='lat' dir='ltr'>Henry</span> <span class='ocrx_word' id='word_1_169' title='bbox 807 1771 892 1815; x_wconf 85' lang='lat' dir='ltr'>IV.</span> <span class='ocrx_word' id='word_1_170' title='bbox 934 1773 1058 1815; x_wconf 72' lang='lat'>1408.</span> <span class='ocrx_word' id='word_1_171' title='bbox 1120 1773 1377 1828; x_wconf 81' lang='lat' dir='ltr'>September</span> <span class='ocrx_word' id='word_1_172' title='bbox 1421 1771 1459 1814; x_wconf 91' lang='lat'>1.</span> 
     </span>
    </p>
   </div>
   <div class='ocr_carea' id='block_1_7' title="bbox 150 1851 1680 2859">
    <p class='ocr_par' dir='ltr' id='par_1_8' title="bbox 150 1851 1680 2563">
     <span class='ocr_line' id='line_1_21' title="bbox 266 1851 1679 1911; baseline 0 -17"><span class='ocrx_word' id='word_1_173' title='bbox 266 1851 490 1896; x_wconf 77' lang='lat' dir='ltr'>Noveriris</span> <span class='ocrx_word' id='word_1_174' title='bbox 522 1855 655 1897; x_wconf 75' lang='lat' dir='ltr'>Univ.</span> <span class='ocrx_word' id='word_1_175' title='bbox 677 1868 754 1911; x_wconf 86' lang='lat' dir='ltr'>per</span> <span class='ocrx_word' id='word_1_176' title='bbox 780 1869 893 1911; x_wconf 74' lang='lat' dir='ltr'>pres,</span> <span class='ocrx_word' id='word_1_177' title='bbox 920 1854 1016 1896; x_wconf 85' lang='lat' dir='ltr'>Nos</span> <span class='ocrx_word' id='word_1_178' title='bbox 1047 1855 1262 1896; x_wconf 82' lang='lat' dir='ltr'>Thomam</span> <span class='ocrx_word' id='word_1_179' title='bbox 1284 1853 1432 1896; x_wconf 85' lang='lat' dir='ltr'>Knoel</span> <span class='ocrx_word' id='word_1_180' title='bbox 1463 1858 1507 1895; x_wconf 90' lang='lat' dir='ltr'>et</span> <span class='ocrx_word' id='word_1_181' title='bbox 1539 1851 1679 1894; x_wconf 77' lang='lat' dir='ltr'>Willm</span> 
     </span>
     <span class='ocr_line' id='line_1_22' title="bbox 153 1921 1679 1969; baseline 0.003 -6"><span class='ocrx_word' id='word_1_182' title='bbox 153 1921 415 1966; x_wconf 64' lang='lat' dir='ltr'>Chaflefone</span> <span class='ocrx_word' id='word_1_183' title='bbox 436 1927 650 1968; x_wconf 73' lang='lat' dir='ltr'>remisisse</span> <span class='ocrx_word' id='word_1_184' title='bbox 710 1957 721 1969; x_wconf 86' lang='lat'><strong>.</strong></span> <span class='ocrx_word' id='word_1_185' title='bbox 783 1958 793 1968; x_wconf 88' lang='lat'><strong>.</strong></span> <span class='ocrx_word' id='word_1_186' title='bbox 855 1958 865 1968; x_wconf 90' lang='lat'>.</span> <span class='ocrx_word' id='word_1_187' title='bbox 925 1925 1056 1967; x_wconf 78' lang='lat' dir='ltr'>Will0</span> <span class='ocrx_word' id='word_1_188' title='bbox 1077 1925 1310 1967; x_wconf 58' lang='lat' dir='ltr'>Whitsoke</span> <span class='ocrx_word' id='word_1_189' title='bbox 1338 1926 1391 1967; x_wconf 89' lang='lat' dir='ltr'>de</span> <span class='ocrx_word' id='word_1_190' title='bbox 1414 1925 1679 1967; x_wconf 79' lang='lat' dir='ltr'>Ivelchestre</span> 
     </span>
     <span class='ocr_line' id='line_1_23' title="bbox 151 1994 1680 2053; baseline 0.001 -17"><span class='ocrx_word' id='word_1_191' title='bbox 151 1994 310 2037; x_wconf 74' lang='lat' dir='ltr'>Totum</span> <span class='ocrx_word' id='word_1_192' title='bbox 334 1999 409 2053; x_wconf 84' lang='lat' dir='ltr'>jus</span> <span class='ocrx_word' id='word_1_193' title='bbox 441 2006 637 2040; x_wconf 62' lang='lat' dir='ltr'>nost-vum</span> <span class='ocrx_word' id='word_1_194' title='bbox 697 2030 709 2042; x_wconf 89' lang='lat'><strong>.</strong></span> <span class='ocrx_word' id='word_1_195' title='bbox 769 2032 780 2044; x_wconf 84' lang='grc'><strong>.</strong></span> <span class='ocrx_word' id='word_1_196' title='bbox 840 2032 851 2041; x_wconf 91' lang='grc'><strong>.</strong></span> <span class='ocrx_word' id='word_1_197' title='bbox 913 2031 923 2041; x_wconf 97' lang='grc'><strong>.</strong></span> <span class='ocrx_word' id='word_1_198' title='bbox 983 1999 1029 2039; x_wconf 88' lang='lat' dir='ltr'>in</span> <span class='ocrx_word' id='word_1_199' title='bbox 1061 2013 1148 2040; x_wconf 90' lang='lat' dir='ltr'>uno</span> <span class='ocrx_word' id='word_1_200' title='bbox 1170 1998 1354 2053; x_wconf 77' lang='lat' dir='ltr'>Cotagio</span> <span class='ocrx_word' id='word_1_201' title='bbox 1385 2012 1485 2039; x_wconf 77' lang='lat' dir='ltr'>eum</span> <span class='ocrx_word' id='word_1_202' title='bbox 1516 1996 1680 2040; x_wconf 63' lang='lat' dir='ltr'>cuv-rill0</span> 
     </span>
     <span class='ocr_line' id='line_1_24' title="bbox 150 2068 1679 2127; baseline 0.003 -18"><span class='ocrx_word' id='word_1_203' title='bbox 150 2068 196 2109; x_wconf 90' lang='lat' dir='ltr'>in</span> <span class='ocrx_word' id='word_1_204' title='bbox 220 2068 497 2113; x_wconf 83' lang='lat' dir='ltr'>Northovere</span> <span class='ocrx_word' id='word_1_205' title='bbox 537 2073 694 2114; x_wconf 79' lang='lat' dir='ltr'>sit-nato</span> <span class='ocrx_word' id='word_1_206' title='bbox 715 2073 829 2114; x_wconf 82' lang='lat' dir='ltr'>inter</span> <span class='ocrx_word' id='word_1_207' title='bbox 867 2078 1165 2114; x_wconf 76' lang='lat' dir='ltr'>tenementum</span> <span class='ocrx_word' id='word_1_208' title='bbox 1196 2070 1318 2113; x_wconf 82' lang='lat' dir='ltr'>Willi</span> <span class='ocrx_word' id='word_1_209' title='bbox 1354 2071 1468 2113; x_wconf 85' lang='lat' dir='ltr'>Dole</span> <span class='ocrx_word' id='word_1_210' title='bbox 1502 2071 1548 2112; x_wconf 87' lang='lat' dir='ltr'>in</span> <span class='ocrx_word' id='word_1_211' title='bbox 1585 2084 1679 2127; x_wconf 85' lang='lat' dir='ltr'>par.</span> 
     </span>
     <span class='ocr_line' id='line_1_25' title="bbox 151 2141 1680 2200; baseline 0.001 -19"><span class='ocrx_word' id='word_1_212' title='bbox 151 2141 304 2184; x_wconf 87' lang='lat' dir='ltr'>orient.</span> <span class='ocrx_word' id='word_1_213' title='bbox 342 2149 385 2184; x_wconf 91' lang='lat' dir='ltr'>et</span> <span class='ocrx_word' id='word_1_214' title='bbox 415 2150 502 2186; x_wconf 87' lang='lat' dir='ltr'>ten.</span> <span class='ocrx_word' id='word_1_215' title='bbox 540 2145 698 2187; x_wconf 80' lang='lat' dir='ltr'>Cecilie</span> <span class='ocrx_word' id='word_1_216' title='bbox 734 2144 976 2200; x_wconf 78' lang='lat' dir='ltr'>Deigheres</span> <span class='ocrx_word' id='word_1_217' title='bbox 1009 2144 1054 2183; x_wconf 86' lang='lat' dir='ltr'>in</span> <span class='ocrx_word' id='word_1_218' title='bbox 1090 2157 1182 2198; x_wconf 84' lang='lat' dir='ltr'>par.</span> <span class='ocrx_word' id='word_1_219' title='bbox 1215 2148 1347 2184; x_wconf 71' lang='lat' dir='ltr'>austr.</span> <span class='ocrx_word' id='word_1_220' title='bbox 1383 2142 1477 2184; x_wconf 78' lang='lat' dir='ltr'>Nee</span> <span class='ocrx_word' id='word_1_221' title='bbox 1511 2156 1599 2183; x_wconf 91' lang='lat' dir='ltr'>non</span> <span class='ocrx_word' id='word_1_222' title='bbox 1633 2142 1680 2183; x_wconf 85' lang='lat' dir='ltr'>in</span> 
     </span>
     <span class='ocr_line' id='line_1_26' title="bbox 151 2213 1679 2273; baseline 0.001 -18"><span class='ocrx_word' id='word_1_223' title='bbox 151 2213 318 2257; x_wconf 84' lang='lat' dir='ltr'>duabus</span> <span class='ocrx_word' id='word_1_224' title='bbox 339 2217 448 2258; x_wconf 83' lang='lat' dir='ltr'>acris</span> <span class='ocrx_word' id='word_1_225' title='bbox 468 2223 583 2259; x_wconf 64' lang='lat' dir='ltr'>terre</span> <span class='ocrx_word' id='word_1_226' title='bbox 599 2218 795 2259; x_wconf 68' lang='lat' dir='ltr'>arra-bilis</span> <span class='ocrx_word' id='word_1_227' title='bbox 810 2216 1057 2273; x_wconf 66' lang='lat' dir='ltr'>jacentibus</span> <span class='ocrx_word' id='word_1_228' title='bbox 1071 2216 1115 2256; x_wconf 78' lang='lat' dir='ltr'>in</span> <span class='ocrx_word' id='word_1_229' title='bbox 1135 2215 1412 2257; x_wconf 68' lang='lat' dir='ltr'>Norithovere</span> <span class='ocrx_word' id='word_1_230' title='bbox 1431 2215 1475 2256; x_wconf 88' lang='lat' dir='ltr'>in</span> <span class='ocrx_word' id='word_1_231' title='bbox 1498 2215 1679 2258; x_wconf 79' lang='lat' dir='ltr'>diversis</span> 
     </span>
     <span class='ocr_line' id='line_1_27' title="bbox 154 2287 1680 2346; baseline 0.001 -16"><span class='ocrx_word' id='word_1_232' title='bbox 154 2288 334 2330; x_wconf 75' lang='lat' dir='ltr'>culturis</span> <span class='ocrx_word' id='word_1_233' title='bbox 354 2295 398 2331; x_wconf 88' lang='lat' dir='ltr'>et</span> <span class='ocrx_word' id='word_1_234' title='bbox 418 2291 580 2346; x_wconf 80' lang='lat' dir='ltr'>eampis</span> <span class='ocrx_word' id='word_1_235' title='bbox 603 2290 700 2340; x_wconf 25' lang='lat' dir='ltr'>que</span> <span class='ocrx_word' id='word_1_236' title='bbox 733 2290 963 2345; x_wconf 57' lang='lat' dir='ltr'>Cot-agium</span> <span class='ocrx_word' id='word_1_237' title='bbox 990 2288 1167 2330; x_wconf 65' lang='lat' dir='ltr'>curtium</span> <span class='ocrx_word' id='word_1_238' title='bbox 1186 2293 1231 2329; x_wconf 89' lang='lat' dir='ltr'>et</span> <span class='ocrx_word' id='word_1_239' title='bbox 1251 2294 1412 2329; x_wconf 69' lang='lat' dir='ltr'>terram</span> <span class='ocrx_word' id='word_1_240' title='bbox 1444 2287 1539 2330; x_wconf 87' lang='lat' dir='ltr'>Nos</span> <span class='ocrx_word' id='word_1_241' title='bbox 1561 2288 1680 2344; x_wconf 79' lang='lat' dir='ltr'>pred¹</span> 
     </span>
     <span class='ocr_line' id='line_1_28' title="bbox 151 2360 1680 2406; baseline 0.001 -3"><span class='ocrx_word' id='word_1_242' title='bbox 151 2361 341 2404; x_wconf 83' lang='lat' dir='ltr'>Thomas</span> <span class='ocrx_word' id='word_1_243' title='bbox 362 2368 405 2404; x_wconf 91' lang='lat' dir='ltr'>et</span> <span class='ocrx_word' id='word_1_244' title='bbox 423 2363 550 2404; x_wconf 85' lang='lat' dir='ltr'>WillS</span> <span class='ocrx_word' id='word_1_245' title='bbox 566 2363 830 2406; x_wconf 82' lang='lat' dir='ltr'>Charletone</span> <span class='ocrx_word' id='word_1_246' title='bbox 851 2361 975 2403; x_wconf 83' lang='lat' dir='ltr'>simul</span> <span class='ocrx_word' id='word_1_247' title='bbox 992 2376 1089 2403; x_wconf 76' lang='lat' dir='ltr'>eum</span> <span class='ocrx_word' id='word_1_248' title='bbox 1108 2361 1259 2402; x_wconf 79' lang='lat' dir='ltr'>eodem</span> <span class='ocrx_word' id='word_1_249' title='bbox 1274 2360 1403 2401; x_wconf 78' lang='lat' dir='ltr'>Willo</span> <span class='ocrx_word' id='word_1_250' title='bbox 1419 2361 1680 2404; x_wconf 63' lang='lat' dir='ltr'>Whiitocke</span> 
     </span>
     <span class='ocr_line' id='line_1_29' title="bbox 152 2433 1678 2491; baseline 0 -15"><span class='ocrx_word' id='word_1_251' title='bbox 152 2449 292 2491; x_wconf 86' lang='lat' dir='ltr'>nuper</span> <span class='ocrx_word' id='word_1_252' title='bbox 326 2436 557 2478; x_wconf 82' lang='lat' dir='ltr'>habuimus</span> <span class='ocrx_word' id='word_1_253' title='bbox 592 2451 690 2478; x_wconf 87' lang='lat' dir='ltr'>cum</span> <span class='ocrx_word' id='word_1_254' title='bbox 727 2435 820 2477; x_wconf 85' lang='lat' dir='ltr'>aliis</span> <span class='ocrx_word' id='word_1_255' title='bbox 855 2434 1051 2491; x_wconf 80' lang='lat' dir='ltr'>personis</span> <span class='ocrx_word' id='word_1_256' title='bbox 1091 2448 1143 2475; x_wconf 85' lang='lat' dir='ltr'>ex</span> <span class='ocrx_word' id='word_1_257' title='bbox 1176 2433 1291 2475; x_wconf 89' lang='lat' dir='ltr'>dono</span> <span class='ocrx_word' id='word_1_258' title='bbox 1325 2440 1368 2475; x_wconf 79' lang='lat' dir='ltr'>et</span> <span class='ocrx_word' id='word_1_259' title='bbox 1401 2433 1678 2476; x_wconf 69' lang='lat' dir='ltr'>feofl&#39;amento</span> 
     </span>
     <span class='ocr_line' id='line_1_30' title="bbox 150 2506 1677 2563; baseline -0.001 -12"><span class='ocrx_word' id='word_1_260' title='bbox 150 2509 180 2552; x_wconf 83' lang='lat' dir='ltr'><strong>J</strong></span> <span class='ocrx_word' id='word_1_261' title='bbox 184 2509 354 2551; x_wconf 87' lang='lat' dir='ltr'>ohanne</span> <span class='ocrx_word' id='word_1_262' title='bbox 374 2509 463 2551; x_wconf 82' lang='lat' dir='ltr'>filie</span> <span class='ocrx_word' id='word_1_263' title='bbox 484 2515 527 2551; x_wconf 90' lang='lat' dir='ltr'>et</span> <span class='ocrx_word' id='word_1_264' title='bbox 546 2510 715 2551; x_wconf 85' lang='lat' dir='ltr'>heredis</span> <span class='ocrx_word' id='word_1_265' title='bbox 738 2509 916 2550; x_wconf 82' lang='lat' dir='ltr'>Ricardi</span> <span class='ocrx_word' id='word_1_266' title='bbox 938 2508 1069 2549; x_wconf 78' lang='lat' dir='ltr'>Brice</span> <span class='ocrx_word' id='word_1_267' title='bbox 1099 2507 1153 2549; x_wconf 91' lang='lat' dir='ltr'>de</span> <span class='ocrx_word' id='word_1_268' title='bbox 1181 2506 1412 2549; x_wconf 63' lang='lat' dir='ltr'>Ivelchesi</span> <span class='ocrx_word' id='word_1_269' title='bbox 1401 2522 1447 2549; x_wconf 78' lang='lat' dir='ltr'>&#39;e</span> <span class='ocrx_word' id='word_1_270' title='bbox 1469 2507 1540 2549; x_wconf 75' lang='lat' dir='ltr'>Ita</span> <span class='ocrx_word' id='word_1_271' title='bbox 1559 2507 1677 2563; x_wconf 88' lang='lat' dir='ltr'>quod</span> 
     </span>
    </p>

    <p class='ocr_par' dir='ltr' id='par_1_9' title="bbox 152 2578 1679 2859">
     <span class='ocr_line' id='line_1_31' title="bbox 301 2578 1678 2625; baseline -0.002 -1"><span class='ocrx_word' id='word_1_272' title='bbox 301 2615 311 2624; x_wconf 87' lang='lat'><strong>.</strong></span> <span class='ocrx_word' id='word_1_273' title='bbox 373 2615 383 2625; x_wconf 93' lang='lat'><strong><em>.</em></strong></span> <span class='ocrx_word' id='word_1_274' title='bbox 445 2582 547 2624; x_wconf 85' lang='lat' dir='ltr'>Hiis</span> <span class='ocrx_word' id='word_1_275' title='bbox 578 2582 696 2624; x_wconf 85' lang='lat' dir='ltr'>Test.</span> <span class='ocrx_word' id='word_1_276' title='bbox 730 2581 862 2623; x_wconf 90' lang='lat' dir='ltr'>Will⁰</span> <span class='ocrx_word' id='word_1_277' title='bbox 897 2580 1138 2622; x_wconf 81' lang='lat' dir='ltr'>Stauntone</span> <span class='ocrx_word' id='word_1_278' title='bbox 1170 2579 1300 2620; x_wconf 84' lang='lat' dir='ltr'>Will⁰</span> <span class='ocrx_word' id='word_1_279' title='bbox 1326 2578 1514 2622; x_wconf 78' lang='lat' dir='ltr'>Carenie</span> <span class='ocrx_word' id='word_1_280' title='bbox 1547 2579 1678 2621; x_wconf 88' lang='lat' dir='ltr'>Will⁰</span> 
     </span>
     <span class='ocr_line' id='line_1_32' title="bbox 154 2652 1677 2709; baseline -0.002 -11"><span class='ocrx_word' id='word_1_281' title='bbox 154 2656 360 2698; x_wconf 89' lang='lat' dir='ltr'>Neutone</span> <span class='ocrx_word' id='word_1_282' title='bbox 394 2656 590 2698; x_wconf 85' lang='lat' dir='ltr'>Roberto</span> <span class='ocrx_word' id='word_1_283' title='bbox 610 2654 723 2697; x_wconf 91' lang='lat' dir='ltr'>Veel</span> <span class='ocrx_word' id='word_1_284' title='bbox 750 2654 850 2696; x_wconf 77' lang='lat' dir='ltr'>Rieo</span> <span class='ocrx_word' id='word_1_285' title='bbox 872 2653 989 2696; x_wconf 82' lang='lat' dir='ltr'>Dole</span> <span class='ocrx_word' id='word_1_286' title='bbox 1020 2653 1126 2696; x_wconf 78' lang='lat' dir='ltr'>Johe</span> <span class='ocrx_word' id='word_1_287' title='bbox 1148 2652 1373 2696; x_wconf 77' lang='lat' dir='ltr'>Mascalle.</span> <span class='ocrx_word' id='word_1_288' title='bbox 1397 2654 1516 2694; x_wconf 73' lang='lat' dir='ltr'>Data</span> <span class='ocrx_word' id='word_1_289' title='bbox 1536 2652 1677 2709; x_wconf 88' lang='lat' dir='ltr'>primo</span> 
     </span>
     <span class='ocr_line' id='line_1_33' title="bbox 153 2725 1679 2785; baseline -0.001 -15"><span class='ocrx_word' id='word_1_290' title='bbox 153 2730 222 2771; x_wconf 87' lang='lat' dir='ltr'>die</span> <span class='ocrx_word' id='word_1_291' title='bbox 258 2729 428 2771; x_wconf 84' lang='lat' dir='ltr'>Mensis</span> <span class='ocrx_word' id='word_1_292' title='bbox 464 2728 732 2785; x_wconf 83' lang='lat' dir='ltr'>Septembris</span> <span class='ocrx_word' id='word_1_293' title='bbox 767 2741 869 2772; x_wconf 88' lang='lat' dir='ltr'>ann.</span> <span class='ocrx_word' id='word_1_294' title='bbox 902 2740 995 2782; x_wconf 86' lang='lat' dir='ltr'>reg.</span> <span class='ocrx_word' id='word_1_295' title='bbox 1028 2726 1128 2783; x_wconf 79' lang='lat' dir='ltr'>Reg</span> <span class='ocrx_word' id='word_1_296' title='bbox 1169 2725 1354 2769; x_wconf 79' lang='lat' dir='ltr'>chriei</span> <span class='ocrx_word' id='word_1_297' title='bbox 1389 2725 1546 2776; x_wconf 81' lang='lat' dir='ltr'>Quarti</span> <span class='ocrx_word' id='word_1_298' title='bbox 1580 2731 1679 2782; x_wconf 81' lang='lat' dir='ltr'>post</span> 
     </span>
     <span class='ocr_line' id='line_1_34' title="bbox 152 2809 457 2859; baseline 0.003 -15"><span class='ocrx_word' id='word_1_299' title='bbox 152 2809 293 2859; x_wconf 76' lang='lat' dir='ltr'>conqm</span> <span class='ocrx_word' id='word_1_300' title='bbox 328 2816 457 2846; x_wconf 89' lang='lat' dir='ltr'>nono.</span> 
     </span>
    </p>
   </div>
  </div>
 </body>
</html>
