1834 3208
826 309 883 355 21

95 446 137 483 et
158 439 386 482 heredibus
408 440 494 480 suis
516 443 607 480 tota
643 439 731 480 vita
763 439 988 496 utriusque
1017 440 1210 496 ipsorum
1234 442 1331 484 Ade
1360 448 1402 484 et
1422 442 1625 485 Johanne

95 512 338 554 Reddendo
368 511 468 552 inde
502 525 579 566 per
616 511 796 551 Annum
829 527 964 553 unum
1000 512 1226 554 denarium
1249 514 1302 555 ad
1338 514 1510 556 Pascha
1545 530 1625 570 pro

92 584 209 625 omni
231 583 410 625 servicio
432 588 636 624 consueto
664 589 706 624 et
728 583 952 624 exactione
975 584 1036 625 Et
1072 585 1193 640 pred.
1220 586 1446 628 Johannes
1468 594 1510 627 et
1532 586 1623 629 her.

91 656 155 697 sui
177 655 410 696 Warantio
431 655 714 710 aquietabunt
735 661 778 696 et
799 655 1033 696 defendent
1055 657 1215 698 eisdem
1238 657 1336 698 Ade
1357 664 1399 699 et
1420 659 1449 700 J
1453 659 1624 701 ohanne

90 728 228 784 pred¹¹¹
250 728 440 769 Manerm
462 742 559 768 cum
598 732 711 784 perts
744 728 860 783 quod
898 729 957 770 eis
980 744 1057 782 per
1078 730 1210 771 finem
1239 730 1369 771 istum
1402 739 1625 774 remaneat

89 802 268 857 Integre
290 807 532 842 revertetur
563 801 617 842 ad
652 801 774 857 pred.
796 802 1048 844 Johannem
1081 810 1124 844 et
1161 803 1254 846 her.
1277 819 1376 846 suos
1398 805 1542 860 quiete
1570 806 1624 847 de

89 875 202 916 herus
244 875 439 930 ipsorum
480 873 579 915 Ade
620 881 664 915 et
703 874 906 917 Johanne
946 875 1204 917 Tenendum
1256 877 1310 918 de
1353 877 1623 933 Capitalibus

90 946 292 988 Dominis
330 946 467 988 Feodi
507 946 624 987 illius
665 961 743 1002 per
783 948 963 989 servicia
1002 964 1086 1004 que
1127 949 1180 990 ad
1219 949 1337 991 Illud
1372 951 1622 993 Manerium

86 1015 305 1070 pertinent
324 1015 645 1070 imperpetuum
669 1014 729 1055 Et
750 1022 947 1070 preterea
978 1016 1091 1058 idem
1124 1017 1349 1059 Johannes
1377 1019 1496 1061 dedit
1526 1035 1622 1076 pre-

87 1089 201 1130 dicto
223 1087 320 1129 Ade
342 1088 646 1144 Quadraginta
669 1087 845 1129 Marc-as
868 1090 1052 1145 argenti.
1169 1090 1358 1133 Somers.

200 1262 304 1303 This
336 1263 372 1303 is
406 1277 432 1302 a
461 1261 590 1302 Final
628 1261 913 1317 Agreement,
949 1261 1076 1302 made
1110 1261 1154 1301 in
1191 1262 1265 1303 the
1303 1262 1441 1304 Com-t
1469 1262 1519 1304 of
1544 1277 1624 1304 our

91 1335 206 1377 Lord
234 1335 309 1376 the
332 1334 456 1389 King
478 1340 522 1374 at
544 1332 871 1382 Westminster,
907 1347 963 1373 on
994 1333 1069 1374 the
1104 1333 1300 1375 Morrow
1323 1334 1373 1375 of
1397 1335 1470 1376 the
1494 1335 1622 1376 Puri-

87 1410 260 1452 fication
282 1408 331 1450 of
345 1409 418 1449 the
443 1406 625 1448 Blessed
651 1406 799 1462 Mary‚
821 1407 865 1447 in
888 1406 963 1447 the
985 1406 1167 1447 seventh
1189 1422 1292 1463 year
1314 1408 1363 1449 of
1378 1408 1451 1450 the
1476 1408 1619 1464 Reign

88 1483 138 1524 of
181 1483 306 1538 King
354 1480 545 1522 Edward
597 1495 675 1522 son
721 1480 771 1521 of
817 1480 943 1535 King
989 1480 1383 1536 Henry—Before
1433 1482 1622 1524 Thomas

88 1556 319 1606 Welonde,
353 1554 528 1595 Walter
565 1554 617 1595 de
660 1553 840 1609 Helym‚
881 1553 1002 1596 John
1045 1553 1098 1594 de
1142 1554 1340 1605 Lovetot,
1379 1556 1529 1611 Roger
1570 1557 1624 1598 de

90 1629 219 1685 Leyc‚
250 1628 448 1669 William
480 1628 533 1669 de
566 1628 810 1677 Burntone‚
841 1627 1139 1676 Justieiaries3
1178 1628 1385 1670 Between
1417 1629 1537 1672 John
1569 1630 1623 1672 de

90 1702 414 1757 Beauchampe‚
452 1700 672 1750 Plaintiff3
710 1700 795 1741 and
819 1700 964 1741 Adam
987 1700 1041 1741 de
1067 1700 1286 1757 Lyscwys,
1312 1701 1623 1744 Defendunt—

87 1775 363 1830 Concerning
385 1774 458 1815 the
482 1774 642 1814 Manor
666 1773 715 1814 of
730 1773 986 1815 Stocklinch
1050 1805 1060 1815 .
1122 1805 1132 1815 .
1198 1806 1206 1815 .
1269 1807 1278 1816 .

307 1942 395 1985 No.
430 1944 495 1985 14.
527 1943 665 1993 A.D.,
700 1945 824 1985 1304.
891 1944 1070 2000 Sunday
1103 1945 1214 1987 after
1245 1946 1357 1988 Feby
1388 1948 1429 1989 2.

202 2028 416 2070 Omnibus
458 2027 620 2070 Christi
670 2027 871 2069 fidelibus
912 2028 966 2069 ad
1018 2044 1125 2084 quos
1168 2045 1345 2085 presens
1398 2031 1621 2089 Scriptum

87 2101 331 2157 pervenerit
363 2101 554 2141 Thomas
590 2100 644 2142 de
681 2099 933 2156 Speketone
967 2101 1082 2142 filius
1116 2109 1158 2143 et
1191 2102 1316 2144 heres
1354 2105 1537 2147 Henrici
1567 2107 1621 2149 de

87 2174 337 2230 Speketone
379 2173 574 2215 Salutem
615 2173 658 2214 in
702 2174 911 2216 Domino.
994 2175 1217 2217 Noveritis
1258 2191 1327 2218 me
1363 2181 1620 2223 concessisse

85 2247 299 2289 relaxasse
321 2253 363 2288 et
384 2246 555 2302 penitus
577 2246 773 2302 quietum
795 2246 1003 2288 clamasse
1025 2247 1079 2288 de
1101 2263 1170 2290 me
1192 2255 1235 2290 et
1256 2249 1486 2294 heredibus
1514 2256 1620 2296 meis

85 2320 155 2362 vel
195 2320 422 2376 assignatis
461 2320 769 2376 inperpetuum
810 2319 1011 2362 Waltero
1055 2321 1160 2363 Cole
1202 2323 1256 2364 de
1299 2324 1536 2368 Ivelcestra
1577 2336 1620 2370 et

86 2392 199 2434 herus
235 2393 305 2435 vel
338 2393 477 2448 assigis
513 2393 600 2434 suis
621 2392 782 2433 Totum
813 2393 886 2449 jus
915 2399 959 2434 et
994 2393 1198 2436 clamium
1230 2397 1346 2452 quod
1383 2399 1514 2441 habui
1550 2403 1620 2444 vel

86 2466 201 2521 quod
222 2466 366 2522 aliquo
386 2466 516 2507 modo
545 2465 704 2508 habere
727 2472 880 2522 potero
907 2466 976 2508 vel
1012 2468 1120 2509 mihi
1154 2470 1348 2513 accidere
1384 2475 1544 2528 poterit
1574 2476 1619 2517 in

86 2545 175 2581 toto
196 2539 271 2581 illo
291 2539 559 2581 Tenemento
592 2545 636 2580 et
671 2539 817 2580 curtil⁰
838 2555 936 2581 cum
970 2555 1121 2583 eorum
1155 2550 1266 2598 pert-‘2
1300 2544 1345 2585 in
1383 2546 1620 2591 Ivelcestra

87 2612 201 2668 quod
223 2613 352 2653 situm
375 2619 439 2654 est
459 2627 607 2654 versus
630 2612 812 2654 Portam
843 2613 1067 2656 Borialem
1089 2615 1191 2658 ville
1215 2617 1268 2658 In
1296 2620 1473 2661 australi
1495 2630 1620 2677 parte

87 2685 322 2726 tenementi
364 2684 478 2726 Albe
515 2685 630 2726 Aule
682 2685 798 2741 quod
834 2686 1028 2729 Thomas
1066 2689 1190 2730 Axtil
1225 2691 1444 2746 quondam
1480 2696 1620 2736 tenuit

89 2757 151 2798 Et
181 2758 295 2813 quod
332 2757 481 2799 datum
516 2757 596 2799 fuit
631 2758 875 2801 Willielmo
903 2760 1017 2802 dicto
1054 2761 1093 2803 le
1131 2763 1311 2805 Cartere
1347 2765 1391 2805 in
1433 2766 1618 2810 liberum

92 2830 372 2885 Maritagium
435 2847 531 2872 cum
576 2832 792 2874 Matillide
834 2832 923 2875 filia
982 2834 1213 2878 Willielmi
1265 2837 1318 2879 de
1369 2838 1618 2894 Speketone
