1834 3208
845 274 940 324 111

130 410 231 454 inde
251 408 305 452 ad
328 414 433 453 tunc
454 405 737 450 existentibus
794 439 804 450 .
867 439 877 450 .
939 437 950 450 .
1012 439 1022 450 .
1081 405 1186 449 This
1210 405 1351 460 Dced,
1372 407 1445 451 the
1467 414 1665 452 counter·

130 490 228 543 part
257 484 308 527 of
332 483 420 527 No.
454 481 549 523 118.
580 495 727 536 supra.

200 649 286 694 No.
325 651 421 702 121,
454 650 612 708 Henry
644 651 731 697 VI.
770 652 894 694 1426.
955 652 1157 709 Monday
1187 652 1297 694 after
1334 649 1491 694 March
1530 650 1598 693 12.

292 760 416 788 DEED
447 760 500 789 OF
532 759 824 790 FOUNDATION
856 762 909 790 OF
940 761 1187 790 ILCHESTER
1218 761 1496 790 ALMSHOUSE.

244 836 394 879 Sciant
415 843 636 893 presentes
673 843 716 880 et
749 837 885 880 futuri
913 838 1031 895 quod
1061 839 1159 894 Ego
1184 839 1406 880 Robertus
1427 836 1543 881 Veel
1565 835 1665 879 dedi

128 909 319 952 concessi
339 916 382 952 et
413 912 495 952 hac
531 911 722 967 presenti
747 918 867 954 carta
893 926 990 955 mea
1019 912 1277 954 confirmavi
1300 911 1496 954 Will’mo
1521 911 1666 953 Bone·

128 988 231 1031 ville
264 988 427 1045 Egidio
465 990 713 1046 Daubeney
747 990 915 1033 Thome
960 991 1269 1046 Beauchampe
1307 990 1526 1032 Militibus
1566 990 1667 1034 Johi

128 1061 362 1104 Stourtone
384 1062 639 1105 Alexandro
673 1063 726 1105 de
759 1062 802 1105 la
833 1063 987 1120 Lynde
1022 1063 1183 1106 Nich’o
1206 1065 1367 1119 Yonge
1390 1064 1545 1105 clerico
1567 1064 1595 1106 J
1599 1064 1668 1105 011ἰ

131 1135 251 1178 Boef
264 1137 294 1179 J
299 1136 384 1177 oh'i
417 1135 620 1192 Gregory
648 1137 677 1179 J
681 1136 766 1178 oh'i
797 1137 967 1179 Bolour
1003 1137 1220 1179 Edwardo
1257 1137 1492 1180 Coleforde
1515 1137 1666 1179 Will'o

131 1209 408 1251 Walkedene
442 1209 561 1252 Joh’i
598 1209 736 1250 Baret
769 1206 895 1252 Joh'i
916 1209 1118 1252 Guldene
1154 1210 1340 1265 Hugoni
1363 1209 1492 1252 Kene
1514 1210 1665 1253 Will'o

128 1283 292 1326 Shourt
313 1282 510 1324 Henrico
532 1282 653 1339 Grey
687 1282 717 1325 J
721 1283 807 1325 oh'i
842 1283 1136 1340 Pupulpenne
1164 1284 1289 1326 Ric’o
1323 1284 1445 1326 Serle
1470 1283 1665 1326 Henrico

131 1355 349 1411 Havegod
372 1361 414 1396 et
434 1355 555 1397 Joh’i
577 1354 815 1397 Glainville
837 1354 1091 1398 Manerium
1118 1371 1265 1398 meum
1291 1357 1344 1398 de
1367 1356 1668 1413 Stokelynche

132 1434 429 1491 Mandeleyne
453 1449 552 1476 cum
569 1434 848 1489 pertinenciis
871 1434 969 1477 Nec
995 1449 1083 1477 non
1116 1436 1264 1478 omnia
1296 1435 1381 1478 alia
1407 1451 1507 1478 mea
1528 1443 1665 1479 terras

128 1513 376 1549 tenementa
396 1506 592 1547 redditus
615 1506 796 1548 servicia
818 1512 860 1548 et
876 1507 1144 1549 reversiones
1167 1523 1267 1549 cum
1290 1509 1423 1564 pert's
1445 1509 1490 1550 in
1512 1509 1665 1552 eadem

131 1581 235 1624 villa
266 1587 310 1622 et
344 1581 388 1621 in
424 1580 537 1622 villis
566 1580 619 1622 de
657 1580 954 1630 Stokelynche
977 1581 1170 1624 Ostrizer
1199 1582 1514 1625 Yevelchestre
1546 1583 1667 1626 Sook

130 1655 439 1712 Lymyngtone
462 1654 741 1696 Northovere
763 1653 1021 1697 Somertone
1053 1655 1263 1712 Erleighe
1291 1663 1334 1698 et
1369 1657 1414 1698 in
1447 1657 1666 1700 Parochia

130 1728 185 1770 dc
227 1729 485 1770 Somertone
516 1727 561 1768 in
595 1727 818 1769 Comitatu
860 1727 1094 1772 Somerset.
1127 1729 1433 1772 Advocacione
1470 1731 1665 1773 Ecclesie

130 1801 269 1843 Beate
292 1800 437 1842 Marie
460 1799 726 1856 Magdalene
750 1800 804 1842 de
836 1800 1133 1858 Stokelynche
1156 1802 1454 1860 Mandeleyne
1471 1805 1667 1860 predicta

129 1875 357 1916 dumtaxat
391 1880 572 1931 excepta
608 1874 877 1916 Habendum
914 1881 958 1917 et
988 1875 1246 1918 Tenendum
1288 1877 1435 1919 omnia
1471 1879 1668 1934 predicta

131 1947 384 1989 Manerium
406 1952 544 1988 terras
578 1946 713 1988 ten’ta
744 1946 918 1988 redd’us
943 1947 1085 1990 serv’a
1120 1954 1161 1990 et
1193 1949 1377 1991 rever’es
1402 1964 1502 1991 cum
1534 1952 1667 2007 pert's

131 2020 318 2063 Prefatis
344 2020 541 2061 Will'mo
558 2019 734 2076 Egiffio,
755 2021 830 2062 ὅτε.
891 2052 900 2063 .
963 2053 973 2063 .
1036 2053 1045 2064 .
1117 2021 1351 2064 heredibus
1373 2029 1416 2065 et
1436 2024 1666 2079 assignatis

130 2095 216 2136 suis
254 2094 308 2136 de
342 2093 614 2149 capitalibus
652 2093 855 2135 Dominis
897 2093 1125 2136 feodorum
1159 2095 1334 2137 illorum
1371 2111 1450 2153 per
1484 2099 1666 2141 servicia

129 2167 230 2209 inde
251 2167 397 2209 debita
418 2172 460 2208 et
481 2166 535 2208 de
556 2166 658 2222 jure
686 2173 893 2208 consueta
908 2166 1232 2223 imperpetuum
1254 2168 1346 2212 Sub
1376 2170 1506 2212 modo
1527 2171 1667 2214 forma

131 2246 174 2282 et
206 2240 458 2283 condicione
485 2240 846 2296 subsequentibus
881 2240 1099 2283 Videlicet
1122 2242 1240 2297 quod
1273 2243 1457 2299 predicti
1487 2244 1666 2287 Will'us

135 2314 333 2367 Egidius,
381 2315 441 2356 &c
445 2346 744 2361 .....
815 2314 997 2356 heredes
1038 2320 1081 2356 et
1121 2316 1249 2372 assig.
1291 2317 1357 2359 sui
1397 2324 1471 2359 aut
1510 2318 1667 2375 aliquis

130 2388 366 2430 eorundem
402 2403 480 2444 per
515 2387 837 2444 quinquaginta
875 2403 1011 2430 annos
1047 2390 1266 2445 proximos
1300 2398 1528 2447 sequentes
1570 2400 1668 2449 post

129 2461 274 2504 datam
306 2462 570 2518 presentium
604 2477 703 2504 cum
744 2468 787 2504 et
827 2461 881 2504 de
921 2463 1108 2505 exitibus
1150 2470 1192 2506 et
1232 2465 1438 2521 proficuis
1470 2467 1666 2509 omnium

131 2535 424 2591 predictorum
455 2541 672 2578 terrarum
713 2542 756 2578 et
795 2537 1010 2578 ten'orum
1053 2552 1153 2579 cum
1194 2540 1327 2594 pert's
1367 2540 1413 2581 in
1453 2547 1666 2597 quantum

130 2609 338 2651 medietas
367 2609 525 2652 valoris
545 2610 646 2652 inde
668 2610 895 2652 annuatim
915 2624 960 2653 se
981 2611 1178 2653 extendit
1199 2613 1424 2655 annuatim
1453 2620 1666 2657 sustenta-

131 2681 241 2724 bunt
261 2697 335 2724 seu
358 2683 593 2725 sustentari
621 2683 781 2725 facient
812 2688 889 2725 ant
921 2683 1049 2726 faciet
1081 2685 1320 2727 secundum
1349 2687 1666 2730 ordinationem

129 2769 271 2796 meam
304 2755 406 2798 inde
441 2762 491 2798 ut
530 2756 809 2813 subsequitur
841 2757 1159 2800 conficiendum
1193 2759 1399 2816 Quinque
1433 2761 1488 2802 ad
1524 2762 1667 2804 minus

132 2827 220 2870 Sex
243 2828 312 2871 vel
333 2828 510 2887 Septem
532 2845 747 2888 pauperes
780 2831 978 2874 homines
1000 2831 1166 2875 debiles
1199 2833 1319 2877 senio
1352 2834 1595 2878 confractos
1625 2843 1669 2878 et
