1834 3208
881 317 938 366 61

286 446 460 492 Walter
500 447 554 491 de
604 447 821 505 Cloptone
870 454 916 490 to
964 448 1087 492 John
1138 448 1297 491 Couke
1351 446 1437 490 and
1487 444 1684 503 Stephen

150 520 392 573 Tribulaez‚
410 522 534 565 three
555 536 674 564 acres
695 521 746 564 of
768 521 915 564 arable
936 521 981 562 in
1003 521 1137 564 Chilt.
1161 522 1298 566 Dum.
1321 521 1460 572 fields,
1482 520 1684 577 together

149 594 255 636 with
276 595 336 637 all
356 595 422 636 his
443 595 637 637 meadow
658 594 709 637 of
722 594 989 650 Manymead
1006 610 1017 646 ;
1050 609 1132 637 one
1163 610 1262 637 aere
1291 595 1336 636 in
1366 595 1441 636 the
1462 592 1683 651 ploughed

149 668 322 724 ground
372 668 424 710 of
466 666 703 722 Hirleigh3
753 680 835 708 one
885 681 984 708 acre
1032 666 1076 708 in
1123 667 1198 709 the
1245 665 1466 723 ploughed
1507 664 1681 721 ground

149 739 201 782 of
224 740 469 790 Lonstede;
502 739 790 781 half-an-aore
820 744 865 779 at
895 738 1161 794 Manymead
1187 738 1345 790 Cross3
1376 738 1462 780 and
1494 738 1682 780 half-an-

149 826 246 854 acre
267 818 311 855 at
330 813 406 854 the
426 811 634 854 Western
664 811 893 867 extremity
924 811 975 852 of
999 811 1173 868 Oakley
1193 811 1332 863 wood,
1352 813 1549 854 between
1579 810 1682 852 land

149 885 200 926 of
212 885 323 926 Thos
345 883 591 941 Pynghow,
612 883 698 925 and
719 882 824 924 land
845 883 987 925 which
1008 883 1226 940 belonged
1247 883 1379 941 lately
1401 890 1445 926 to
1474 883 1544 926 Sir
1563 883 1684 927 John

148 957 203 999 de
239 956 561 1013 Beauchampe.
593 956 658 998 To
696 956 826 998 Have
902 989 913 999 .
976 988 986 998 .
1048 989 1058 998 .
1120 989 1131 999 .
1205 956 1360 1012 saving
1400 957 1485 998 suit
1524 957 1568 997 in
1610 971 1684 1013 my

149 1036 274 1072 court
304 1029 355 1072 of
380 1029 605 1073 Chilterne
624 1028 784 1085 Vagge
815 1044 921 1071 once
952 1044 978 1070 a
1006 1044 1111 1086 year
1173 1062 1182 1072 .
1243 1062 1254 1073 .
1319 1062 1328 1072 .
1391 1061 1401 1072 .
1463 1029 1608 1072 Given
1640 1036 1685 1072 at

148 1102 388 1154 Chilterne,
409 1117 465 1144 on
488 1101 769 1158 Wednesday
791 1108 896 1144 next
916 1102 1027 1144 after
1047 1103 1122 1144 the
1144 1102 1276 1145 Feast
1297 1103 1347 1145 of
1367 1103 1442 1145 the
1464 1103 1684 1160 Apostles,

149 1175 300 1232 Philip
321 1175 407 1217 and
427 1175 457 1218 J
461 1189 592 1217 ames,
649 1174 705 1216 In
725 1174 800 1216 the
820 1174 929 1216 38th
949 1189 1052 1230 year
1073 1175 1124 1216 of
1140 1174 1333 1217 Edward
1356 1175 1447 1218 III.

182 1358 271 1401 No.
292 1359 362 1400 54.
385 1357 513 1399 Edw.
534 1356 627 1399 ΙΙΙ.
652 1357 778 1400 1365.
828 1356 922 1398 The
944 1357 1102 1399 second
1126 1358 1307 1416 Sunday
1331 1360 1442 1403 after
1465 1361 1638 1406 Easter.

234 1443 366 1485 Omn.
389 1441 473 1484 Xti
495 1440 595 1483 Fid.
611 1440 665 1482 ad
683 1455 791 1496 quos
807 1455 920 1496 pres.
936 1456 1017 1484 scr.
1036 1457 1213 1498 perven.
1232 1444 1458 1487 Walterus
1480 1447 1533 1489 de
1552 1447 1684 1504 Clop-

146 1527 248 1563 tone
264 1520 378 1562 filius
396 1526 439 1562 et
452 1519 576 1561 heres
596 1519 626 1562 J
630 1518 712 1560 0h¹⁸
734 1519 788 1560 de
809 1518 1026 1575 Cloptone
1048 1520 1136 1563 Sal.
1158 1521 1204 1563 in
1227 1524 1343 1566 Dno.
1369 1524 1592 1568 Noveritis
1613 1542 1684 1568 me

146 1597 357 1640 dimisisse
418 1631 428 1641 .
492 1630 502 1640 .
566 1629 575 1638 .
637 1630 648 1640 .
709 1595 951 1639 Willielmo
974 1597 1170 1654 Phelpys
1201 1605 1244 1641 et
1274 1599 1527 1657 Margarete
1559 1603 1685 1646 uxori

146 1677 340 1735 ejusdem
363 1676 518 1718 Unum
539 1674 812 1735 mesuagium
845 1689 945 1716 cum
977 1675 1140 1716 curtill⁰
1162 1683 1205 1718 et
1236 1677 1383 1720 clauso
1404 1679 1620 1736 adjacenti
1642 1688 1686 1724 et

146 1755 298 1798 decem
337 1755 447 1796 acris
497 1761 613 1795 terre
643 1751 816 1794 arabilis
848 1758 891 1793 et
920 1752 1059 1794 tribus
1095 1754 1205 1796 acris
1236 1757 1351 1811 prati
1382 1764 1424 1800 et
1454 1759 1541 1801 suis
1572 1768 1684 1817 pert³

146 1832 302 1889 quibus
333 1848 504 1890 cunque
536 1833 635 1883 Que
669 1833 800 1875 michi
824 1834 927 1889 jure
957 1834 1220 1877 hereditario
1247 1836 1418 1894 inperp.
1450 1838 1684 1883 descende-

145 1911 252 1953 bant
273 1918 370 1967 post
390 1917 575 1953 mortem
595 1910 625 1953 J
629 1911 810 1954 ohannis
827 1911 880 1953 de
902 1911 1118 1968 Cloptone
1142 1913 1308 1956 Fratris
1330 1917 1416 1958 mei
1437 1918 1618 1960 senioris
1639 1919 1684 1961 in

142 1989 438 2045 Tyntenhulle
460 1989 590 2040 Quod
626 1990 803 2046 quidem
830 1991 1104 2047 mesuagium
1125 1992 1256 2034 situm
1286 2000 1354 2036 est
1381 1995 1539 2037 ibidem
1571 1998 1685 2040 inter

144 2069 418 2125 mesuagium
462 2069 667 2112 Nieholai
709 2069 906 2126 Phelpys
947 2085 999 2112 ex
1046 2077 1169 2127 parte
1201 2087 1289 2114 una
1328 2080 1371 2115 et
1410 2077 1681 2132 mesuagium

142 2149 347 2192 Johanne
389 2150 598 2192 Dorsetes
633 2163 687 2191 ex
727 2155 851 2205 parte
878 2149 1016 2191 altera
1051 2149 1255 2192 Concessi
1294 2152 1472 2209 insuper
1520 2154 1683 2197 eisdem

144 2226 275 2269 Will⁰
304 2233 348 2269 et
388 2227 646 2284 Margarete
685 2227 831 2270 omnia
868 2234 1007 2269 terras
1048 2233 1091 2270 et
1123 2233 1229 2271 tenta
1267 2245 1365 2273 mea
1404 2233 1599 2276 redditus
1639 2241 1684 2277 et

141 2306 322 2349 servicia
342 2322 442 2348 cum
464 2307 664 2349 omnibus
686 2313 730 2349 et
751 2306 933 2364 singulis
965 2307 1054 2348 suis
1083 2314 1195 2363 pert⁸
1219 2309 1566 2368 quibuscumque
1596 2328 1681 2369 que

143 2383 356 2440 adquisivi
377 2384 484 2425 mihi
505 2384 680 2426 her’bus
716 2390 760 2426 et
787 2385 916 2441 assig.
939 2385 1045 2426 meis
1081 2385 1136 2427 de
1159 2386 1398 2430 Edmundo
1434 2389 1681 2434 Dummere

146 2463 294 2505 Milite
323 2463 369 2504 in
403 2463 699 2520 Tyntenhulle
740 2465 936 2521 predicta
975 2470 1067 2506 tota
1107 2465 1198 2507 vita
1240 2466 1427 2509 Isabelle
1460 2468 1681 2528 Mascalys

146 2535 267 2578 Hab.
290 2542 333 2578 et
352 2536 447 2578 Ten
494 2569 503 2579 .
566 2569 576 2579 .
639 2567 650 2578 .
712 2570 722 2580 .
774 2552 872 2579 eum
894 2537 1058 2579 curtill⁰
1079 2537 1224 2580 clauso
1246 2539 1462 2596 adjacenti
1524 2575 1533 2585 .
1597 2576 1605 2586 .
1670 2576 1679 2586 .

146 2608 201 2649 In
243 2609 365 2666 cujus
414 2610 477 2651 rei
530 2611 644 2654 testi.
684 2616 772 2652 tam
825 2625 906 2667 ego
946 2610 1069 2666 pred.
1105 2610 1331 2654 Walterus
1382 2628 1514 2670 quam
1557 2618 1680 2672 pred.

144 2680 420 2724 Willielmus*
445 2688 487 2723 et
524 2683 781 2739 Margareta
820 2682 933 2739 sigil.
970 2688 1081 2725 nost.
1114 2682 1364 2726 alternatim
1398 2689 1679 2742 apposuimus

132 2751 248 2794 ‹Hiis
283 2753 399 2795 Test.
441 2753 550 2796 Johe
580 2754 831 2805 Bondman,
868 2754 1003 2796 Nich⁰
1033 2754 1157 2806 Trut,
1188 2756 1317 2798 Will⁰
1348 2757 1515 2809 Broke,
1547 2760 1679 2802 Robto

146 2823 254 2866 Atte
283 2824 447 2876 Yerde,
479 2825 609 2868 Robw
637 2826 678 2869 le
718 2825 854 2878 Bour‚
894 2832 938 2869 et
979 2826 1136 2869 Multis
1175 2827 1285 2871 aliis.
1346 2829 1518 2873 Datum
1559 2834 1678 2890 apud
