1834 3208
797 276 858 324 33

62 419 183 465 prox.
205 412 305 449 ante
327 406 444 448 Fest.
468 406 652 449 Nativit⁸
673 407 777 449 S’cti
798 407 827 450 J
830 407 912 449 ohis
936 408 1137 464 Baptista
1160 424 1275 451 anno
1303 411 1428 466 regni
1452 412 1589 468 Regis

63 480 270 522 Edwardi
301 479 556 521 duodecimo
592 480 895 522 concessissem
931 487 974 523 et
1007 482 1279 524 tradidissem
1316 484 1587 526 Habendum

61 565 104 601 et
124 559 297 603 tenend.
317 560 463 600 omnia
483 559 678 615 predicta
699 574 798 600 cum
820 565 931 615 pert⁸
953 560 1132 602 Eisdem
1157 561 1365 602 Matillidi
1389 562 1590 605 Waltero

64 629 186 672 Isaac
235 636 278 671 et
328 629 456 670 Will⁰
493 630 549 672 ad
589 631 825 672 terminum
874 630 963 672 vite
1013 631 1254 673 eorundem
1303 632 1373 673 vel
1415 631 1592 673 cuilibet

61 703 296 744 eorundem
333 703 500 745 diucius
553 705 718 747 viventi
755 705 808 747 de
838 720 908 747 me
944 712 988 761 et
1014 707 1148 748 herbas
1181 708 1288 749 meis
1326 724 1406 765 pro
1439 726 1586 756 annuo

61 786 232 827 redditu
252 788 438 841 quatuor
469 781 707 823 solidorum
735 779 879 835 quiete
900 778 1035 822 libere
1065 787 1108 823 et
1136 781 1181 822 in
1203 796 1310 837 pace
1341 784 1409 825 Ac
1430 788 1590 840 prefati

61 860 244 902 Matillis
285 858 493 914 quamdiu
535 858 704 898 vixerat
744 863 787 898 et
832 857 970 899 Walt⁵
1014 858 1137 900 Isaac
1179 874 1229 901 ac
1282 860 1410 903 Will⁸
1446 865 1594 906 omnia

61 932 188 989 pred³
206 945 304 973 cum
321 935 432 986 pertS
448 943 672 985 quousque
684 929 815 970 iidem
831 929 971 970 WaltS
988 930 1112 972 Isaac
1133 937 1176 973 et
1193 932 1318 975 Wills
1334 942 1465 989 prout
1480 937 1594 980 infra

61 1005 262 1048 scribitur
282 1019 333 1045 ea
352 1003 460 1043 mihi
490 1002 816 1044 retradidissent
835 1002 965 1058 juxta
999 1001 1200 1046 effectum
1237 1009 1524 1052 concessionis
1549 1017 1594 1053 et

61 1076 308 1121 tradicionis
329 1075 623 1132 predictarum
655 1073 906 1117 habuissent
941 1082 984 1117 et
1018 1078 1310 1132 possedissent
1333 1082 1512 1137 pacifice
1551 1092 1594 1127 et

62 1153 204 1209 quiete
224 1151 424 1194 Tandem
446 1155 543 1205 post
564 1154 746 1191 mortem
770 1149 882 1191 dicte
905 1150 1133 1192 Matillidis
1154 1152 1356 1195 videlicet
1378 1154 1446 1196 die
1467 1157 1497 1199 J
1500 1158 1592 1200 ovis

62 1241 185 1282 prOX.
221 1231 319 1281 post
354 1226 472 1266 Fest.
512 1220 617 1266 S'cti
655 1224 802 1265 Marci
827 1224 1107 1279 Evangeliste
1137 1226 1270 1267 Anno
1293 1227 1417 1283 regni
1457 1229 1592 1286 Regis

63 1296 273 1341 Edwardi
307 1296 448 1339 Tercii
489 1302 587 1353 post
628 1302 914 1351 conquestum
952 1297 1153 1339 Secundo
1187 1298 1328 1341 Iidem
1365 1300 1592 1344 Walterus

64 1377 187 1420 Isaac
221 1383 264 1419 et
295 1370 422 1420 inl‘ls
454 1372 615 1417 Totum
646 1374 784 1431 predm
810 1381 916 1417 tenm
943 1375 1104 1416 curtilm
1140 1376 1374 1430 gardinum
1409 1379 1593 1422 croftam

61 1461 284 1510 totamque
302 1459 465 1495 terram
486 1455 622 1495 arabm
642 1458 685 1493 et
706 1456 880 1507 pratum
898 1466 998 1493 cum
1026 1458 1138 1507 pert³
1159 1452 1292 1494 michi
1313 1453 1514 1497 Waltero
1536 1451 1590 1492 de

62 1528 266 1572 Romesie
300 1525 438 1582 pred⁰.
475 1524 603 1566 certis
639 1524 692 1565 de
727 1523 865 1565 causis
899 1524 1222 1565 retradiderunt
1258 1531 1301 1566 et
1342 1526 1463 1566 omni
1496 1524 1594 1580 juri

62 1601 178 1659 quod
214 1601 274 1643 eis
306 1599 538 1654 compeciz‘t
569 1597 613 1637 in
650 1597 869 1652 premissis
905 1596 1159 1652 simpliciter
1191 1598 1508 1639 renunciarunt
1543 1612 1594 1639 ac

63 1675 209 1718 omnia
228 1674 343 1716 bona
377 1685 528 1713 eorum
556 1676 598 1711 et
629 1669 787 1711 catalla
819 1669 933 1710 infra
969 1669 1131 1711 dietum
1160 1676 1460 1712 tenementum
1489 1676 1595 1712 tunc

63 1747 296 1791 existencia
316 1751 433 1787 certo
455 1744 599 1800 precio
628 1744 673 1785 in
704 1743 785 1784 hac
818 1749 942 1799 parte
975 1743 1210 1784 constituto
1233 1749 1276 1784 et
1296 1743 1438 1785 soluto
1460 1743 1593 1784 michi

62 1821 352 1863 vendiderunt
391 1823 435 1859 et
471 1817 607 1859 eciam
647 1816 889 1858 liberarunt
924 1815 1084 1858 Postea
1123 1831 1228 1858 vero
1263 1815 1466 1858 videlicet
1507 1816 1595 1858 Die

64 1892 244 1935 Domin.
264 1891 310 1932 in
343 1885 460 1932 Fest.
484 1886 799 1944 Apostolorum
834 1887 1033 1943 Philippi
1071 1893 1113 1928 et
1145 1888 1174 1930 J
1178 1888 1300 1929 acobi
1338 1888 1470 1929 Anno
1502 1902 1594 1944 reg.

64 1966 177 2021 Reg.
201 1964 325 2006 Edwi
345 1961 486 2004 Tercii
508 1967 605 2017 post
627 1962 786 2016 Conqm
808 1961 999 2002 secundo
1023 1960 1122 2016 Ego
1144 1960 1285 2001 WaltS
1315 1961 1368 2002 de
1391 1961 1596 2002 Romesie

65 2041 262 2096 supradus
312 2045 543 2096 postquam
594 2037 836 2093 plenariam
887 2036 1088 2077 seisinam
1136 2041 1179 2076 et
1219 2042 1350 2091 possm
1399 2038 1597 2079 omnium

66 2114 375 2170 premissorum
395 2112 641 2153 habuissem
656 2110 787 2166 juxta
803 2109 1003 2151 effectum
1021 2109 1319 2150 retradicionis
1332 2110 1597 2153 vendicionis

68 2193 111 2230 et
131 2186 404 2229 liberacionis
426 2185 721 2241 predictarum
754 2197 833 2238 pro
861 2182 1070 2223 laudabili
1102 2182 1282 2224 servicio
1316 2181 1431 2237 quod
1453 2182 1596 2225 Walts

68 2260 190 2302 Isaac
211 2260 334 2316 preds
354 2258 487 2300 michi
509 2267 551 2300 et
571 2257 678 2299 meis
694 2256 908 2313 impendit
928 2255 1088 2296 Totum
1114 2254 1252 2310 predm
1274 2254 1429 2294 Ten'm
1451 2254 1595 2296 curtil.

66 2334 204 2389 gardi.
226 2333 349 2375 croft.
373 2338 597 2388 totamque
614 2337 778 2372 terram
800 2330 935 2371 arabm
952 2334 994 2370 et
1011 2334 1185 2384 pratum
1207 2342 1306 2368 cum
1328 2333 1440 2382 pertS
1463 2322 1596 2383 predis

66 2405 208 2447 Walt⁰
245 2405 369 2446 Isaac
400 2403 530 2447 Willo
565 2409 608 2444 et
643 2402 899 2458 Margarete
924 2401 1062 2456 Pigaz
1098 2399 1223 2441 uxori
1256 2399 1452 2455 ejusdem
1475 2399 1599 2441 Willi

68 2478 255 2520 concessi
275 2484 318 2519 et
337 2477 497 2519 tradidi
517 2476 585 2517 Ac
607 2475 752 2517 omnia
773 2476 886 2517 bona
908 2480 951 2515 et
971 2472 1128 2515 catalla
1147 2487 1244 2514 mea
1264 2472 1310 2513 in
1331 2473 1481 2514 eodem
1504 2479 1598 2515 ten⁰

69 2556 172 2593 tunc
195 2551 428 2593 existencia
462 2564 541 2606 pro
577 2555 695 2591 certa
726 2547 907 2604 pecunie
941 2560 1111 2588 summa
1145 2545 1277 2587 michi
1299 2560 1375 2601 pre
1396 2546 1596 2588 manibus

71 2623 211 2665 soluta
229 2623 404 2666 vendidi
434 2628 478 2663 et
511 2621 691 2663 liberavi
720 2620 841 2662 Hab.
863 2624 906 2660 et
926 2619 1018 2660 Ten
1024 2649 1322 2660 .....
1384 2618 1439 2659 In
1473 2619 1596 2674 cujus

71 2694 133 2736 rei
152 2700 248 2738 test.
271 2695 372 2751 Ego
392 2693 533 2735 Walt⁸
555 2693 609 2735 de
626 2692 831 2735 Romesie
848 2690 970 2746 pred⁸
992 2689 1106 2746 parti
1126 2690 1337 2745 presentis
1355 2689 1596 2734 Indenture

73 2781 202 2823 penes
241 2767 378 2809 dictos
416 2766 574 2808 Waltm
615 2765 738 2807 Isaac
778 2763 921 2807 Willm
960 2768 1004 2804 et
1046 2761 1350 2818 Margaretam
1392 2763 1597 2806 residenti
