1834 3208
859 267 919 315 86

159 397 245 442 No.
268 400 336 442 87.
360 398 516 455 Henry
538 398 622 443 IV.
647 400 769 442 1402.
831 398 993 455 Friday
1015 398 1161 441 before
1185 397 1479 454 Whitsunday
1502 397 1615 441 Eve.

244 481 373 523 Omn.
396 481 478 521 Xti
502 480 584 521 Fid
646 514 656 523 .
718 514 728 524 .
792 513 800 523 .
863 513 872 521 .
943 479 1154 521 Ricardus
1176 480 1333 521 Dierre
1354 480 1443 522 Sal.
1464 480 1509 520 in
1532 480 1651 521 Dno.

131 551 353 594 Noveritis
375 567 444 594 me
467 553 690 603 dimisisse,
711 554 800 603 &c.,
820 552 962 607 Wyll0
985 551 1212 606 Chepman
1234 557 1373 592 totum
1400 552 1474 607 jus
1505 566 1650 592 meum

128 630 171 665 et
211 624 425 666 elameum
461 639 543 680 que
575 625 644 666 vel
685 624 800 680 quod
837 623 968 664 habui
1009 623 1147 664 habeo
1184 629 1259 664 aut
1292 623 1575 678 quovismodo
1608 624 1653 664 in

127 697 321 738 futurum
343 698 503 739 habere
533 704 683 752 potero
716 698 760 737 in
792 697 990 738 omnibus
1017 696 1101 736 illis
1129 696 1386 737 tenementis
1414 696 1654 738 redditibus

126 770 250 811 terris
268 771 311 810 in
332 770 435 811 villa
457 770 760 812 Yevilehestre
782 784 880 810 cum
911 769 997 810 suis
1019 774 1128 824 perts
1152 768 1249 818 Que
1276 783 1416 824 nuper
1439 768 1654 810 Nicholao

128 843 285 898 Hoper
305 844 483 884 constat'
512 844 538 868 ὴ
539 845 692 898 jacens
712 844 823 883 inter
854 849 1120 883 tenementum
1152 842 1292 883 Beate
1327 842 1484 884 Sancte
1508 842 1656 883 Marie

126 916 319 971 Msgjorz's
352 931 487 956 emuna
515 931 617 970 par.
655 916 835 956 borriali
875 915 1033 955 Altera
1066 929 1161 955 vero
1179 916 1318 970 juxta
1352 916 1462 956 viam
1497 916 1656 971 reyiam

126 995 306 1043 apperte
341 988 563 1028 hawstralz‘
590 988 829 1042 predictum
860 994 900 1027 et
930 1001 1006 1042 que
1028 987 1208 1042 prefata
1228 988 1449 1042 predictus
1478 989 1656 1044 ejusdem

134 1059 358 1101 Willielmo
378 1075 510 1115 nuper
540 1059 776 1099 habuerunt
807 1073 858 1099 ex
893 1059 1000 1098 dono
1033 1065 1073 1098 et
1107 1059 1362 1099 concessione
1392 1073 1481 1099 mea
1503 1060 1546 1100 in
1569 1059 1657 1100 loco

127 1134 372 1187 supradicto
396 1139 530 1187 prout
560 1133 604 1172 in
635 1131 816 1186 quadam
848 1137 971 1171 carta
1002 1144 1089 1170 mea
1120 1131 1170 1170 de
1203 1131 1328 1171 terris
1357 1139 1398 1171 et
1429 1138 1534 1172 tentis
1557 1146 1657 1187 pre-

129 1207 256 1247 dictis
294 1206 410 1246 Willi
438 1206 587 1245 deinde
615 1205 744 1261 facta
786 1219 874 1244 cum
916 1203 1051 1244 libera
1090 1204 1244 1244 seisina
1285 1204 1434 1245 eisdem
1475 1204 1659 1246 liberata

120 1280 290 1335 plenius
330 1280 565 1320 continetur
605 1277 726 1319 Hah.
769 1284 808 1318 et
858 1277 941 1317 Ten
1001 1308 1011 1317 .
1215 1308 1225 1319 .
1288 1308 1299 1319 .
1360 1277 1469 1318 Hiis
1499 1278 1661 1319 testibis

128 1352 431 1408 VVylluelmum
469 1351 660 1407 Wyttok
696 1351 944 1393 ‚Iohannem
976 1349 1107 1391 Brioe
1138 1349 1244 1392 Johe
1277 1349 1562 1406 Sohephurde
1599 1352 1661 1392 Et

127 1426 277 1466 multis
309 1425 402 1466 aliis
428 1426 589 1466 Datum
620 1424 734 1479 apud
766 1423 1068 1465 Yevilehesne
1096 1423 1165 1463 die
1187 1423 1372 1464 Veneris
1403 1439 1547 1479 prox,
1542 1432 1660 1466 ante

131 1500 248 1541 Fest.
284 1499 328 1539 in
369 1498 536 1553 vigilia
577 1497 827 1538 Pentiooste
868 1510 968 1538 ann.
1005 1510 1099 1551 reg.
1134 1496 1249 1551 Reg.
1284 1496 1469 1538 Henrici
1501 1497 1659 1548 Quarti

129 1578 228 1628 post
256 1577 397 1627 oonqm
418 1570 668 1625 Anglorum
689 1569 836 1611 tercio.

235 1758 427 1801 Richard
458 1758 617 1800 Dierre
652 1763 697 1798 to
718 1756 860 1799 Willm
883 1755 1231 1811 Chepman—all
1262 1770 1337 1812 my
1368 1756 1488 1813 right
1523 1757 1566 1799 in
1600 1758 1660 1799 all

127 1833 251 1875 those
272 1838 529 1881 tenements‚
550 1832 639 1881 δια,
665 1831 710 1870 in
731 1828 1051 1879 Yevilehester‚
1071 1828 1212 1870 which
1234 1844 1346 1870 were
1367 1829 1499 1886 lately
1520 1831 1564 1870 in
1586 1831 1660 1872 the
1692 1814 1695 1816 .

128 1906 384 1962 occupation
417 1904 466 1946 of
492 1903 701 1945 Nicholas
725 1903 894 1958 Hoper,
915 1902 1037 1957 lying
1067 1902 1261 1943 between
1294 1902 1369 1944 the
1397 1910 1595 1945 tenement
1617 1904 1668 1945 of

130 1979 311 2021 Blessed
334 1980 398 2021 St.
421 1977 554 2033 Mary
577 1977 725 2033 Major
744 1982 788 2016 to
810 1976 883 2017 the
902 1975 1048 2017 North
1064 1975 1149 2016 and
1177 1975 1249 2017 the
1263 1975 1370 2031 high
1387 1976 1489 2018 road
1507 1992 1561 2018 on
1584 1977 1658 2019 the

130 2052 269 2093 South
320 2084 329 2094 .
393 2084 402 2094 .
464 2083 475 2093 .
536 2082 546 2093 .
607 2056 652 2091 at
673 2048 992 2099 Yevilohestre,
1012 2063 1068 2089 on
1090 2047 1164 2089 the
1181 2048 1264 2104 day
1285 2048 1432 2091 before
1448 2050 1657 2092 Whitsun

130 2126 241 2167 Eve.
273 2125 328 2166 In
362 2124 442 2166 3rd
474 2138 578 2180 year
610 2123 659 2164 of
690 2123 808 2165 Hen.
842 2122 925 2163 IV.
961 2121 1071 2162 after
1102 2126 1227 2177 oonqt
1259 2121 1309 2162 of
1334 2122 1408 2164 the
1442 2123 1645 2179 English.

244 2294 330 2337 No.
368 2296 437 2345 88,
475 2295 580 2336 Hen
618 2295 701 2340 IV,
746 2296 869 2336 1403.
930 2293 1129 2349 Tuesday
1170 2292 1318 2335 before
1355 2291 1464 2347 May
1499 2292 1541 2333 6.

241 2376 325 2416 Sei.
355 2390 466 2430 pres.
499 2382 541 2417 et
577 2376 656 2417 fut.
690 2375 805 2431 quod
839 2390 919 2431 ego
952 2374 1157 2417 Johanna
1188 2373 1401 2414 Fateman
1436 2371 1658 2426 quondam

128 2463 236 2489 uxor
258 2448 377 2490 Willi
399 2448 504 2490 Cole
525 2463 690 2489 mercer
723 2448 776 2488 de
800 2447 1090 2488 Ievelchestre
1111 2445 1156 2485 in
1185 2459 1294 2500 pura
1315 2443 1535 2485 viduetate
1557 2442 1657 2484 dedi

344 2553 353 2564 .
413 2521 606 2563 Johanni
641 2520 841 2575 Drapere
877 2519 930 2560 de
967 2517 1258 2560 Ievelchestre
1294 2516 1497 2559 ‚Iohanne
1533 2514 1655 2556 uxori

125 2609 200 2635 sue
233 2594 406 2635 hes-’bus
441 2599 483 2634 et
516 2593 644 2647 assig.
678 2592 764 2632 suis
794 2592 953 2632 Totum
975 2589 1236 2645 burgagium
1262 2603 1408 2629 meum
1439 2588 1483 2628 in
1517 2586 1656 2628 Ievel-

126 2666 293 2707 chestre
315 2679 413 2706 oum
435 2679 551 2706 omn.
573 2670 705 2720 perts.
729 2662 996 2718 Quiquidem
1012 2663 1161 2718 jacent
1186 2662 1315 2717 juxta
1347 2660 1512 2716 regiam
1540 2659 1655 2701 viam

221 2751 241 2771 ’ἓ
261 2749 360 2781 Some
390 2749 498 2781 scribe
528 2748 565 2779 of
590 2758 672 2789 very
694 2747 822 2788 thirsty
852 2745 1070 2788 propensities
1098 2750 1189 2776 must
1215 2744 1301 2776 have
1330 2744 1464 2776 thrown
1492 2742 1562 2777 this
1591 2741 1656 2774 odd

122 2803 255 2845 jumble
278 2802 315 2835 of
332 2802 445 2835 words
467 2803 632 2844 together,
656 2800 693 2832 in
715 2799 865 2833 defiance
887 2798 924 2832 of
943 2799 988 2832 all
1010 2796 1242 2841 grammatical
1264 2798 1449 2840 propriety.
