1834 3208
860 287 954 336 129

142 415 301 458 Paulet
323 415 457 458 Miles
478 416 567 460 Sal.
588 418 632 459 in
656 417 761 460 Dno
783 419 1039 475 Sempit’am
1062 418 1286 462 Noveritis
1308 435 1378 463 me
1410 421 1670 464 concessisse

140 496 183 532 et
203 489 427 532 licenciam
449 490 616 533 dedisse
633 498 845 548 quantum
867 493 911 533 in
933 507 1002 534 me
1023 499 1087 534 est
1107 493 1276 535 dilectis
1299 494 1430 536 michi
1453 495 1669 552 Magistro

141 561 331 604 Ricardo
375 564 562 605 Swanne
614 563 834 606 Canonico
880 564 1075 606 Ecclesie
1117 565 1392 608 Cathedralis
1436 567 1670 610 Wellensis

138 635 289 678 Will’o
334 636 588 678 Dodesham
630 637 797 679 Thome
847 638 1094 694 Tremaylle
1137 639 1304 681 Thome
1347 640 1514 682 Larder
1552 641 1673 684 Joh’i

138 709 318 766 Bevyne
339 710 505 752 Thome
527 711 678 752 Baker
701 711 859 753 Rob’to
885 711 1057 753 Northe
1085 718 1128 753 et
1150 712 1352 755 Waltero
1376 713 1670 756 Yartecombe

136 782 266 833 Quod
289 783 370 838 ipsi
392 783 641 826 Manerium
665 784 718 825 de
741 784 1036 840 Stokelynche
1059 785 1354 842 Maudeleyne
1380 800 1478 827 cum
1501 786 1665 842 pert'iis

135 870 184 898 ae
206 870 342 896 unum
377 856 558 897 mes'um
592 856 883 912 quadraginta
913 871 1033 898 acras
1060 863 1176 899 terre
1207 864 1394 913 quatuor
1415 873 1535 899 acras
1558 858 1673 914 prati

136 934 179 970 et
214 935 301 969 tres
337 943 456 969 acras
489 934 664 984 pasture
697 943 795 970 cum
833 929 997 985 pert'iis
1032 929 1075 970 in
1115 930 1415 986 Stokelynche
1449 931 1668 986 Ostryser‚

135 1002 181 1043 in
224 1002 349 1044 Com.
386 1002 575 1043 Somers.
613 1003 711 1052 Que
744 1003 797 1044 de
829 1017 899 1044 me
939 1009 1090 1045 tenent
1122 1018 1199 1059 per
1234 1010 1351 1045 certa
1382 1004 1563 1046 servicia
1593 1019 1672 1060 per

136 1090 300 1117 annum
340 1075 460 1117 Dare
494 1076 658 1131 possint
693 1082 736 1118 et
771 1076 1008 1118 concedere
1051 1077 1235 1119 Ballivis
1268 1077 1387 1119 Ville
1421 1077 1475 1119 de
1516 1077 1671 1120 Yevil-

135 1149 303 1191 chestre
325 1155 367 1190 et
390 1150 693 1204 Burgensibus
715 1149 911 1206 ejusdem
931 1150 1035 1192 ville
1068 1151 1188 1192 Hah.
1211 1157 1253 1192 et
1274 1151 1380 1192 Ten.
1405 1151 1486 1193 sibi
1508 1157 1551 1193 et
1573 1166 1666 1193 suc-

134 1222 372 1264 cessoribus
406 1222 492 1263 suis
525 1223 755 1278 imperp’m
785 1223 846 1263 Et
867 1221 1031 1264 eisdem
1066 1223 1251 1266 Ballivis
1279 1230 1324 1265 et
1361 1224 1668 1280 Burgensibus

134 1296 250 1351 quod
285 1295 367 1351 ipsi
404 1295 636 1351 Mesuagia
670 1302 807 1337 terras
838 1298 974 1338 ten’ta
1009 1303 1135 1352 prata
1168 1303 1210 1338 et
1243 1304 1441 1353 pasturas
1475 1298 1671 1353 predicta

134 1384 232 1411 cum
256 1369 418 1425 pert’iis
439 1384 463 1410 a
485 1369 660 1424 prefatis
685 1369 904 1425 Magistro
928 1370 1069 1422 Ric’o,
1101 1372 1189 1422 &c.‚
1217 1371 1409 1426 recipere
1439 1371 1605 1427 possint
1627 1378 1670 1412 et

134 1449 282 1484 tenere
321 1443 402 1484 sibi
427 1449 481 1501 ‘et
515 1443 832 1484 successoribus
862 1443 949 1484 suis
985 1444 1230 1499 imperp’m.
1265 1443 1408 1485 Silicet
1443 1443 1669 1486 licenciam

134 1515 303 1558 dedisse
343 1531 421 1572 per
462 1522 682 1571 presentes
723 1531 802 1572 pro
844 1517 1163 1558 sustentacione
1204 1532 1447 1573 pauperum
1490 1523 1532 1558 et
1573 1517 1667 1559 aliis

133 1588 335 1629 omnibus
357 1603 434 1643 per
455 1587 570 1642 ipsos
590 1588 899 1643 supportandis
912 1589 1043 1645 juxta
1073 1588 1395 1630 ordinacionem
1418 1589 1668 1644 pred'orum

136 1659 343 1713 Magistri
380 1659 505 1710 Ric’i‚
536 1660 624 1710 &c.‚
656 1660 818 1715 absque
854 1660 1130 1716 impeticione
1162 1661 1475 1716 impedimento
1512 1662 1667 1703 moles-

132 1733 299 1774 tacione
326 1748 401 1774 seu
434 1733 687 1788 gravamine
717 1733 801 1775 mei
824 1733 890 1775 vel
920 1734 1117 1775 her’dum
1147 1749 1344 1775 meorum
1378 1741 1452 1776 aut
1485 1735 1668 1792 alicujus

131 1805 308 1847 alterius
331 1821 410 1862 pro
438 1806 560 1847 nobis
593 1812 668 1847 aut
699 1806 872 1848 nomine
905 1812 1052 1848 nostro
1084 1806 1222 1848 Salvis
1250 1807 1381 1848 michi
1417 1814 1460 1848 et
1494 1807 1666 1849 her’bus

131 1879 238 1920 meis
259 1881 484 1920 annuatim
502 1879 704 1920 redd’bus
721 1885 763 1920 et
779 1879 942 1920 serv'iis
955 1879 1056 1920 inde
1073 1880 1195 1921 nobis
1209 1879 1364 1922 debitis
1386 1885 1428 1921 et
1450 1881 1668 1922 consuetis

132 1953 187 1994 In
210 1953 332 2008 cujus
354 1953 415 1994 rei
436 1953 593 1994 testim.
617 1953 737 1994 Huic
758 1953 885 2008 pres’i
906 1953 1015 1994 scr’o
1038 1967 1134 1994 meo
1153 1953 1287 2008 Sigill.
1311 1968 1456 1995 meum
1481 1955 1665 2010 apposui

130 2027 296 2067 Datum
331 2026 447 2081 apud
473 2025 774 2068 Yevilchestre
804 2026 1005 2067 vicesimo
1033 2027 1222 2067 secundo
1251 2027 1320 2068 die
1340 2027 1369 2069 J
1373 2028 1540 2068 anuarii
1563 2042 1664 2070 ann.

128 2114 221 2154 reg.
244 2099 356 2154 Reg.
380 2098 588 2139 Edwardi
612 2098 768 2148 Quarti
793 2105 889 2154 post
911 2099 1079 2154 conq’m
1105 2099 1237 2141 Sexto
1259 2100 1442 2141 decimo.

241 2248 382 2291 Willm
405 2247 578 2298 Paulet,
595 2247 684 2298 knt‚
707 2247 948 2289 authorises
967 2252 1031 2299 (so
1053 2248 1118 2289 far
1140 2263 1185 2290 as
1208 2249 1273 2289 his
1296 2262 1441 2304 power
1463 2249 1664 2302 extends)

127 2321 296 2363 Master
333 2321 524 2362 Richard
558 2320 743 2362 Swanne
778 2321 930 2363 Canon
959 2320 1010 2362 of
1035 2321 1109 2362 the
1147 2321 1381 2363 Cathedral
1407 2321 1584 2364 Church
1620 2323 1671 2364 of

127 2394 282 2445 Wells,
305 2395 389 2436 and
412 2394 571 2445 others,
607 2400 652 2435 to
685 2394 816 2436 make
853 2409 956 2436 over
989 2394 1063 2436 the
1093 2395 1255 2436 Manor
1288 2395 1337 2436 of
1364 2395 1661 2451 Stokelynche

126 2467 433 2523 Maudeleyne,
464 2468 548 2509 and
580 2467 705 2508 lands
736 2468 781 2508 in
814 2467 1113 2523 Stokelynche
1142 2469 1358 2524 Ostryser‚
1387 2469 1529 2510 which
1557 2470 1662 2525 they

126 2539 226 2581 held
262 2540 312 2581 of
337 2540 426 2580 him
464 2541 520 2594 by
556 2541 718 2581 certain
753 2540 904 2596 yearly
941 2541 1140 2590 services,
1174 2547 1219 2582 to
1256 2541 1331 2582 the
1369 2541 1540 2583 Balliffs
1573 2542 1660 2583 and

128 2612 370 2668 Burgesses
392 2613 441 2654 of
457 2613 797 2662 Yevelchester3
829 2612 895 2653 for
922 2613 996 2653 the
1032 2613 1333 2654 maintenance
1367 2613 1417 2654 of
1443 2614 1516 2655 the
1554 2629 1662 2669 poor

124 2699 249 2735 men3
277 2685 362 2727 and
384 2686 450 2728 for
471 2687 545 2727 the
567 2686 771 2742 carrying
793 2692 868 2727 out
897 2687 952 2742 by
986 2685 1060 2727 the
1082 2686 1172 2727 said
1196 2686 1365 2727 Bailiffs
1387 2687 1437 2727 of
1451 2687 1507 2728 all
1532 2687 1657 2728 other

126 2758 301 2800 needful
332 2773 564 2810 measures,
595 2760 830 2814 according
864 2766 907 2800 to
940 2759 1014 2801 the
1043 2759 1347 2815 appointment
1383 2759 1432 2800 of
1463 2760 1656 2802 Richard

127 2831 313 2875 Swanne
329 2832 413 2874 and
431 2832 498 2874 his
515 2832 656 2874 fellow
670 2833 883 2874 Trustees.
904 2833 932 2875 J
937 2840 1011 2873 any
1032 2834 1102 2874 ⁶22.
1130 2833 1229 2873 16th
1248 2847 1350 2887 year
1372 2832 1422 2872 of
1434 2833 1556 2876 Edw.
1576 2833 1662 2876 IV.
