1834 3208
912 276 1008 323 132

196 405 257 446 Et
289 420 367 460 pro
404 405 444 447 le
481 406 606 447 lace*
643 407 748 449 dieti
789 406 944 463 Sigilli.
1063 438 1073 449 .
1247 437 1256 447 .
1492 428 1549 436 -
1609 405 1717 447 XX

193 478 251 519 Et
281 477 406 519 viridi
437 479 544 521 Sero
783 512 792 522 .
969 511 978 520 .
1155 511 1164 520 .
1371 501 1425 507 —
1452 509 1461 518 .
1482 501 1539 508 —-
1561 509 1570 518 .
1593 477 1668 527 viii
1689 477 1717 518 d

843 536 944 562 harum
959 535 1119 567 patentium
1135 534 1200 565 (sic)

194 566 255 608 Et
286 566 596 610 Irrotulatione
627 569 821 625 ejusdem
1379 590 1437 597 -
1459 599 1470 611 ·
1488 567 1539 608 X
1563 599 1574 608 ·
1593 566 1666 617 viil

191 634 253 675 Et
265 634 420 676 clerico
434 642 585 677 vocato
600 636 847 679 Cecretario
865 635 1000 691 Regis
1018 650 1096 691 pro
1114 633 1342 683 Waranto,
1355 633 1428 674 διο.
1453 666 1463 677 .
1485 648 1572 673 xxx
1599 665 1608 675 .
1631 649 1658 674 x

191 699 253 740 Et
275 715 353 755 pro
374 702 503 743 breve
525 702 682 757 privati
704 701 860 756 Sygilli
1035 733 1045 743 .
1220 732 1230 742 .
1373 722 1431 729 -—
1452 730 1463 742 ,
1485 698 1556 739 xvi
1580 730 1588 740 .
1611 698 1682 753 viij

191 764 252 805 Et
268 771 359 805 tum
382 780 460 820 pro
482 766 613 808 breve
628 766 804 821 quidem
825 765 980 806 inter*
997 764 1247 806 concionem
1266 762 1412 819 placiti
1430 764 1446 917 ξ
1516 819 1525 828 .

1485 833 1528 860 vi
1595 843 1654 853 -—

303 828 346 862 et
378 822 531 876 judicii
572 826 639 872 (or
685 822 833 874 zndic.)
875 822 1068 878 ejusdem
1128 853 1139 863 .
1201 852 1211 863 .

307 877 475 918 Will’m
511 878 708 920 Poulet*

189 951 248 991 Et
280 949 471 992 Ricardo
500 951 620 993 Lane
656 966 736 1008 pro
767 951 992 1006 Scriptura
1023 950 1345 993 evidenciarum
1365 972 1423 980 -
1476 971 1534 978 —
1556 979 1568 989 ,
1598 960 1656 987 xx

189 1022 250 1063 Et
273 1022 395 1065 Rico
429 1023 606 1066 Ffovler
639 1024 693 1066 ad
726 1024 1013 1066 laborandum
1050 1023 1195 1078 Regia
1230 1021 1433 1124 <Curia)}
1474 1048 1536 1090 ΧῙῙ
1568 1071 1656 1090 ,-

245 1094 323 1134 pro
357 1081 705 1123 Amortizacione
738 1081 932 1137 predicta

188 1152 246 1193 Et
254 1152 424 1194 Thome
437 1154 495 1194 Tr
499 1153 684 1210 emaylle
696 1160 788 1195 tum
804 1169 884 1209 pro
898 1153 1076 1195 consilio
1092 1152 1145 1194 ad
1160 1151 1394 1194 faciendum

246 1216 288 1249 et
305 1210 586 1251 ordinandum
603 1211 747 1252 omnia
765 1211 974 1266 premissa
989 1225 1038 1252 ac
1055 1209 1231 1266 quidem
1248 1160 1438 1309 labore}
1481 1206 1576 1250 XL
1598 1231 1657 1239 —

246 1280 324 1307 suo
358 1267 411 1307 ad
449 1267 807 1323 perimplendum‚
843 1268 916 1309 δίο.

187 1337 248 1379 Et
269 1338 424 1381 clerico
446 1354 525 1395 pro
546 1341 759 1396 scriptura
783 1340 998 1382 dictorum
1022 1339 1330 1395 premissorum
1392 1371 1402 1381 .
1481 1337 1552 1379 VI
1576 1372 1586 1382 .
1607 1337 1680 1387 viii

189 1412 246 1453 Et
270 1412 540 1454 Christoforo
563 1412 686 1455 Coke
708 1413 761 1454 ad
785 1413 1015 1455 essendum
1038 1413 1091 1454 de
1113 1412 1291 1454 consilio
1308 1426 1406 1453 cum
1523 1437 1681 1448 .......

247 1468 363 1510 dicta
392 1470 575 1511 materia
1425 1412 1442 1514 }
1490 1453 1563 1489 ΧΠ]
1590 1472 1601 1483 ·
1621 1454 1681 1493 1111

246 1541 307 1582 Et
345 1541 469 1583 Ric'o
518 1542 666 1598 Pygot
712 1542 923 1584 Servienti
960 1542 1140 1584 Domini
1182 1541 1319 1597 Regis
1355 1541 1410 1582 ad

301 1598 529 1639 essendum
571 1600 624 1641 de
665 1599 841 1641 consilio
877 1614 974 1641 cum
1013 1599 1128 1641 dicta
1167 1598 1349 1640 materia
1429 1551 1445 1652 }
1492 1584 1534 1623 ¹¹¹
1571 1600 1581 1611 ⁸
1612 1583 1672 1623 ¹¹¹¹

186 1669 279 1711 Et
269 1685 312 1710 1n
334 1670 534 1725 expensis
556 1670 658 1712 dicti
680 1671 846 1712 Thome
870 1670 1021 1712 Baker
1042 1676 1136 1711 tum
1168 1702 1178 1712 .
1385 1702 1395 1713 .
1410 1694 1469 1701 —
1493 1701 1503 1712 .
1522 1693 1581 1700 —
1602 1668 1693 1710 XL

187 1742 276 1784 Per
310 1743 464 1840 Ῑρῗυφ
483 1743 632 1785 solutis
646 1744 851 1786 Termino
865 1743 1091 1786 Michaelis
1109 1757 1184 1798 pro
1198 1743 1313 1784 dicta
1329 1743 1346 1842 Ξ
1377 1795 1435 1803 —
1451 1804 1462 1814 ·
1483 1770 1589 1812 xxiii
1612 1802 1622 1813 .
1646 1769 1706 1822 iiii

298 1814 369 1840 ma
391 1814 474 1840 ema

188 1855 249 1896 Et
271 1855 468 1897 insolutis
490 1856 684 1898 Johanni
708 1857 888 1912 Bevyne
904 1857 958 1898 ad
980 1856 1263 1911 equitandum
1286 1871 1310 1897 a
1513 1883 1541 1910 ‚3
1616 1883 1625 1892 ·
1656 1883 1665 1898 ‚

215 1911 444 1954 Crukerne
460 1927 533 1955 ver
537 1928 608 1954 sus
624 1913 891 1955 Dorchestre
910 1928 988 1969 pro
1002 1914 1116 1955 dicta
1129 1913 1311 1955 materia
1327 1860 1343 1962 1
1384 1889 1465 1939 (¹¹¹¹
1585 1899 1653 1926 wc
1674 1887 1691 1936 )

186 1983 374 2034 Quidem
418 1999 496 2040 pro
537 1986 737 2040 expensis
772 1985 938 2026 Thome
974 1985 1158 2040 Tremay
1164 1984 1220 2026 lle
1261 1991 1303 2026 et

242 2041 499 2083 Christofori
522 2041 645 2084 Coke
672 2042 788 2098 apud
814 2042 1077 2083 Londinium
1097 2042 1302 2083 Termino
1375 2065 1434 2073 —
1456 2074 1466 2084 .
1486 2041 1560 2095 viij
1590 2073 1600 2084 .
1621 2062 1679 2074 -·

243 2098 476 2140 Michaelis
508 2113 586 2154 pro
622 2099 737 2140 dicta
766 2099 962 2140 materia.
1313 2069 1344 2143 ς

353 2172 534 2212 Summa
563 2171 704 2212 soluta
734 2171 846 2213 Lviii
863 2171 906 2213 li.
937 2170 1088 2214 XVIs.
1117 2171 1203 2225 ijd.

355 2244 416 2284 Et
447 2243 628 2285 Summa
658 2259 885 2286 remanens
917 2243 1185 2287 Solvendum
1216 2244 1384 2286 Thome
1415 2242 1581 2286 Baker.

750 2316 859 2368 XXij
890 2315 934 2357 li.
965 2315 1018 2365 iis
1048 2316 1131 2358 Xd.

239 2453 341 2480 BILL
391 2451 444 2479 oF
494 2452 718 2480 EXPENSES
769 2452 855 2480 Fon
911 2453 999 2480 THE
1057 2451 1406 2480 AMORTISEMENT
1456 2451 1510 2479 OF
1560 2451 1648 2479 THE

695 2509 963 2537 ALMSHOUSE
1019 2509 1177 2538 LANDS.

339 2563 396 2604 In
420 2561 581 2617 Hilary
605 2562 749 2612 Term‚
771 2563 815 2603 in
841 2562 915 2604 the
940 2562 1041 2604 16th
1063 2577 1167 2618 year
1188 2561 1238 2604 of
1252 2562 1326 2603 the
1350 2562 1495 2616 Reign
1516 2560 1567 2603 of
1581 2560 1707 2617 King

277 2637 297 2657 *
322 2635 406 2666 This
430 2635 521 2667 word
544 2634 573 2665 is
589 2634 718 2667 blotted
741 2635 777 2667 in
800 2635 856 2667 the
881 2635 1043 2676 original,
1066 2636 1132 2667 and
1153 2634 1268 2676 partly
1290 2634 1452 2675 illegible.
1498 2634 1605 2665 Other
1628 2642 1704 2674 pas-

174 2696 268 2726 sages
296 2684 409 2716 which
439 2690 562 2716 cannot
591 2685 635 2717 be
661 2685 902 2726 satisfactorily
933 2685 1134 2726 deciphered
1164 2696 1220 2717 are
1246 2684 1398 2717 likewise
1421 2684 1565 2716 marked
1596 2684 1640 2725 by
1661 2693 1706 2715 an

175 2736 328 2768 asterisk.
346 2735 428 2767 This
444 2735 473 2767 is
490 2746 508 2767 a
523 2746 605 2777 very
623 2736 767 2768 difficult
785 2737 858 2769 MS.
876 2740 912 2768 to
937 2735 1106 2778 decipher,
1139 2745 1175 2767 as
1201 2735 1229 2767 it
1244 2735 1273 2766 is
1296 2735 1431 2767 written
1446 2735 1481 2766 in
1496 2734 1553 2766 the
1570 2733 1704 2767 cursive

172 2784 261 2817 form
284 2785 350 2817 and
387 2785 424 2816 in
455 2795 475 2816 a
507 2796 619 2828 cramp
648 2786 755 2819 hand.
815 2785 944 2827 Hence,
974 2785 1031 2818 the
1060 2785 1158 2818 items
1187 2785 1335 2818 summed
1364 2795 1409 2826 up
1438 2785 1480 2817 do
1509 2787 1571 2816 not
1608 2783 1702 2825 quite

176 2836 314 2868 balance
337 2836 425 2869 with
447 2836 503 2869 the
527 2837 611 2869 Sum
632 2836 743 2869 Total.
