1834 3208
866 262 961 312 100

148 388 367 431 Robcrtus
395 389 506 432 Veel
535 389 565 433 J
569 389 655 432 oh⁴³⁸
678 390 946 447 Fauntleroy
978 391 1076 447 jun*
1112 390 1250 447 Hugo
1286 390 1517 435 Deverelle
1547 392 1674 436 Will-

144 460 409 516 Kyngstone
446 462 665 505 Robertus
701 463 932 505 Walsham
967 463 1159 505 Thomas
1188 464 1348 506 Frome
1385 471 1429 507 et
1463 465 1675 509 Ricardus

142 533 344 589 Wrynge
381 533 471 579 Sal,
502 535 548 577 in
581 535 699 579 Dno.
734 536 958 578 Noveritis
983 551 1060 578 nos
1087 536 1314 578 tradidisse
1373 569 1673 582 .....

140 605 272 647 Wi11⁰
310 607 616 662 nysshemere
652 613 694 650 et
728 609 891 651 Sonote
931 609 1055 650 uxori
1090 609 1181 665 ejus
1223 624 1360 650 unum
1399 611 1674 666 mesuagium
1749 617 1752 619 ’

140 692 279 719 unum
299 680 518 735 cotagium
538 680 622 722 tria
641 681 889 737 curtillagia
910 681 1216 737 Quadraginta
1243 696 1364 724 acras
1386 688 1429 724 et
1449 683 1673 725 dimidiam

139 756 256 792 terre
297 751 497 801 Quatuor
537 767 657 795 acras
689 759 731 796 et
761 753 986 796 dimidiam
1017 754 1131 810 prati
1171 769 1271 796 cum
1302 755 1389 813 suis
1430 760 1541 810 pert⁸
1575 755 1674 805 Que

140 838 280 878 nuper
322 825 549 866 habuimus
589 840 643 867 ex
683 826 797 868 dono
847 832 891 867 et
930 825 1208 869 feoffamento
1251 827 1436 869 Davidis
1479 828 1672 870 Persone

143 896 337 937 Ecclesie
361 897 413 938 de
445 897 804 954 Southcadebury
831 897 946 941 ,Ῐοὴῑ8
982 898 1209 941 Venables
1242 899 1365 941 Willi
1392 899 1594 942 Pontone
1630 905 1673 942 et

138 968 305 1010 Thome
330 969 483 1012 Meere
504 972 563 1011 Et
585 971 681 1020 Que
702 971 783 1026 ipsi
805 971 925 1026 prius
941 971 1190 1014 habuerunt
1211 986 1263 1013 ex
1286 972 1399 1014 dono
1421 977 1463 1014 et
1484 986 1672 1019 concess!

140 1041 267 1083 Willi
289 1042 472 1098 Martyn
499 1043 578 1084 filii
609 1049 652 1085 et
683 1043 852 1085 heredis
884 1044 914 1086 J
917 1043 998 1085 011ἰιῖ
1022 1044 1202 1100 Martyn
1235 1044 1289 1086 de
1312 1044 1671 1100 Southcadebury

136 1114 182 1155 in
224 1114 519 1170 Stokelynche
560 1116 752 1158 Ostrizer
793 1121 835 1158 et
877 1116 1171 1172 Stokelynche
1218 1116 1514 1173 Maudeleyne
1567 1117 1665 1168 Que

143 1188 280 1228 eciam
319 1188 436 1230 idem
484 1189 621 1231 Johes
663 1190 842 1245 Martyn
885 1190 1105 1245 quondam
1154 1189 1333 1231 tradidit
1373 1195 1416 1231 et
1462 1190 1673 1232 concessit

139 1259 340 1302 Waltero
364 1260 578 1316 Cloptone
600 1266 642 1302 et
659 1261 818 1303 Edithe
836 1262 959 1302 uxori
975 1262 1068 1316 ejus
1085 1260 1138 1302 ad
1161 1261 1397 1303 terminum
1417 1261 1504 1304 vite
1520 1276 1671 1303 eorum

137 1331 259 1375 Hah.
299 1338 342 1374 et
382 1333 475 1374 Ten
551 1367 560 1376 .
621 1367 632 1379 ,
693 1366 704 1376 .
764 1368 775 1378 .
855 1334 1099 1376 Reddendo
1139 1334 1239 1375 inde
1279 1334 1503 1375 annuatim
1546 1334 1670 1377 nobis

138 1404 312 1447 her’bus
345 1406 434 1448 sive
469 1406 596 1462 assig.
627 1408 784 1449 nostris
813 1407 1103 1463 quadraginta
1131 1412 1174 1448 et
1201 1421 1275 1449 sex
1307 1406 1464 1448 solidos
1494 1411 1537 1448 et
1571 1412 1668 1450 octo

135 1477 334 1520 denarios
356 1480 409 1521 ad
432 1486 618 1535 quatuor
639 1481 740 1521 anni
767 1481 974 1522 terminos
996 1480 1256 1536 principales
1301 1513 1312 1522 .
1376 1513 1385 1523 .
1446 1513 1457 1521 .
1519 1511 1529 1522 .
1590 1480 1667 1525 Et.

136 1565 218 1606 ego
240 1551 433 1607 prefatus
457 1553 677 1596 Robertus
699 1554 811 1595 Veel
832 1560 874 1595 et
896 1554 1034 1595 her’es
1060 1553 1145 1595 mei
1182 1553 1327 1595 omnia
1354 1553 1504 1609 pred’a
1536 1553 1669 1595 mes'a

133 1638 234 1665 cum
254 1625 343 1666 suis
365 1631 475 1680 pert³
497 1626 598 1681 pref
602 1624 637 1649 ’³³
659 1626 780 1667 Will⁰
797 1626 1086 1683 Fysshemere
1109 1631 1151 1667 et
1171 1627 1333 1668 Sonote
1354 1626 1408 1668 ad
1429 1625 1665 1668 terminum

132 1697 220 1739 vite
243 1712 391 1739 eorum
414 1704 456 1740 et
477 1699 655 1741 alterius
685 1714 837 1741 eorum
872 1700 1039 1741 diucius
1072 1699 1255 1741 viventis
1285 1699 1416 1740 modo
1451 1698 1591 1740 forma
1623 1703 1667 1740 et

132 1771 384 1813 condicione
433 1772 591 1827 pred'is
642 1772 807 1814 Contra
857 1786 1006 1814 omnes
1061 1777 1212 1828 gentes
1262 1771 1664 1814 Warantizabimus

135 1843 451 1898 aquietabimus
472 1850 515 1886 et
535 1844 817 1887 defendemus
847 1860 925 1901 per
956 1850 1176 1901 presentes
1204 1845 1259 1886 In
1279 1845 1403 1901 cujus
1423 1844 1486 1885 rei
1506 1844 1664 1887 testim.

129 1920 221 1957 tam
254 1930 333 1958 nos
365 1931 495 1972 quam
531 1918 713 1973 predicti
754 1918 878 1961 Wills
915 1918 1202 1974 Fysshemere
1242 1922 1284 1958 et
1316 1917 1480 1959 Sonota
1520 1916 1664 1972 sigilla

129 1994 279 2030 nostra
294 1989 374 2031 hiis
388 1990 630 2032 indenturis
644 1990 892 2033 alternatim
909 1990 1188 2046 apposuimus
1211 1989 1311 2030 Hiis
1327 1989 1443 2031 Test.
1462 1989 1660 2032 Roberto

132 2061 347 2118 Seymour
381 2063 509 2105 Willo
541 2063 762 2106 Roucetre
793 2063 899 2106 ιΪοΙιθ
935 2062 1088 2104 Roller
1117 2062 1232 2105 Johe
1266 2061 1541 2103 Welwetone
1572 2075 1662 2103 sen.

130 2134 160 2177 J
165 2134 237 2176 ohe
259 2134 471 2176 Wottone
489 2135 551 2175 Et
571 2135 680 2178 aliis.
710 2136 828 2176 Data
844 2134 960 2190 apud
978 2133 1274 2189 Stokelynche
1295 2132 1365 2174 die
1387 2133 1511 2174 Lune
1532 2147 1659 2188 prox·

132 2212 231 2261 post
252 2206 369 2247 Fest.
392 2206 641 2261 Epiphanie
676 2206 858 2248 Domini
885 2221 985 2249 ann.
1018 2220 1111 2261 reg,
1139 2205 1251 2261 Reg.
1288 2205 1472 2247 Henrici
1505 2205 1662 2256 Quarti

128 2283 228 2334 post
249 2284 534 2334 conquestum
558 2279 726 2329 Quarto
747 2279 929 2321 decimo.

240 2421 384 2463 Willm
424 2421 731 2473 Haukeforde‚
771 2422 860 2472 knt‚
900 2422 1070 2464 Robert
1109 2420 1238 2471 Veel,
1278 2420 1364 2462 and
1405 2421 1657 2464 others—to

123 2493 323 2537 William
346 2494 634 2549 Fysshemere
660 2494 746 2536 and
768 2494 933 2537 Sonota
959 2494 1026 2535 his
1046 2492 1285 2535 wife—one
1313 2507 1554 2549 messuage,
1576 2508 1659 2535 one

127 2573 313 2623 cottage,
347 2568 374 2607 3
405 2567 669 2623 curtillage5‚
691 2567 805 2623 forty
835 2582 955 2609 acres
990 2567 1076 2608 and
1103 2581 1129 2608 a
1159 2565 1258 2607 half
1286 2565 1336 2607 of
1365 2566 1526 2616 arable,
1560 2566 1658 2608 four

127 2655 247 2682 acres
268 2639 354 2682 and
375 2654 401 2681 a
421 2639 520 2680 half
540 2640 590 2681 of
613 2641 821 2690 meadOW,
842 2641 886 2681 in
915 2638 1411 2695 Stokelynche—which
1431 2653 1496 2680 we
1523 2638 1657 2694 lately

125 2713 331 2768 acquired
366 2713 608 2768 possession
635 2713 685 2754 of
709 2715 767 2769 by
802 2719 932 2768 grant
962 2713 1012 2755 of
1035 2712 1196 2762 David,
1218 2711 1388 2753 Parson
1421 2711 1472 2753 of
1495 2712 1654 2753 South-

127 2786 318 2842 cadbury
352 2786 438 2828 and
470 2786 614 2830 others
632 2803 643 2839 ;
675 2786 761 2831 and
781 2786 923 2831 which
949 2786 1052 2842 they
1072 2784 1160 2829 had
1181 2783 1429 2841 previously
1450 2784 1654 2841 acquired
