1834 3208
868 320 929 369 63

250 452 373 499 John
408 452 595 510 Martyn
631 451 682 495 of
711 451 1007 508 Stokelynche
1037 456 1082 493 to
1103 450 1279 493 Walter
1303 449 1356 493 de
1379 448 1583 505 Clopt0n‚
1613 443 1672 490 all

135 527 211 570 the
229 528 355 570 lands
377 526 463 568 and
497 531 754 576 tenements‚
789 530 907 567 rents
940 523 1026 566 and
1054 525 1238 566 services
1270 523 1508 579 belonging
1537 528 1581 563 to
1602 535 1673 562 me

134 601 179 642 in
219 598 516 655 Stokelynche
567 597 755 639 Ostriser
844 589 876 639 .’
917 628 928 638 .
989 630 999 640 .
1063 629 1074 640 .
1153 594 1578 638 Witnesses--John
1619 593 1673 635 de

136 673 329 724 Molton,
363 672 484 715 John
519 670 829 725 Beauchampe
861 669 916 711 de
949 669 1214 720 Lillesdone,
1249 668 1445 724 knights,
1475 667 1595 710 John
1631 665 1682 707 of

136 744 435 801 Dylyngtone‚
456 744 530 785 Sec.
569 742 712 785 Given
733 747 778 783 at
798 741 1112 798 Stokelynche‚
1134 756 1190 783 on
1211 740 1416 796 Tuesday
1438 744 1544 781 next
1564 738 1674 780 after

135 818 210 860 the
232 818 363 860 Feast
383 817 434 858 of
447 817 510 858 St.
535 815 755 857 Dunstan.
817 815 874 856 In
895 815 978 856 the·
991 814 1100 856 39th
1120 829 1224 870 year
1245 813 1294 856 of
1317 812 1510 854 Edward
1533 811 1625 853 III.

208 937 298 979 No.
317 937 389 981 56,
410 935 534 978 Edw.
558 935 649 976 ΙΙΙ.
674 935 799 980 1365,
862 936 1158 991 Counterpart
1179 933 1228 976 of
1243 932 1330 976 No.
1351 932 1421 981 54,
1452 943 1599 985 supra.

251 1010 383 1052 Omn.
415 1009 498 1050 Xti
532 1008 616 1050 Fid
678 1040 688 1051 .
750 1041 760 1051 .
823 1041 833 1051 .
897 1042 906 1051 .
965 1008 1192 1051 Walterus
1228 1006 1281 1048 de
1314 1004 1529 1059 Cloptone
1561 1001 1675 1043 filius

137 1089 181 1126 et
199 1083 325 1125 heres
346 1083 373 1125 J
379 1082 460 1124 ohis
483 1082 536 1123 de
560 1081 776 1138 Cloptone
799 1081 887 1123 Sal.
904 1081 963 1123 in.
986 1083 1103 1123 Dno.
1135 1078 1357 1122 Noveritis
1373 1091 1443 1118 me
1465 1075 1676 1117 dimisisse

355 1188 365 1198 .
425 1154 670 1196 Willielmo
703 1154 920 1211 Phelypes
953 1161 996 1196 et
1030 1153 1287 1208 Margarete
1318 1149 1444 1191 uxori
1479 1147 1675 1204 ejusdem

136 1244 274 1271 unum
295 1220 575 1283 Mesuagium
597 1242 696 1269 cum
718 1227 881 1269 curtill⁰
902 1226 1048 1268 clauso
1070 1226 1300 1282 adjacente
1372 1253 1674 1265 .....

138 1303 268 1354 Quod
290 1301 467 1358 quidem
490 1301 772 1357 Mesuagium
793 1301 924 1342 situm
941 1306 1005 1342 est
1022 1299 1183 1342 ibidem
1199 1298 1314 1340 inter
1335 1303 1457 1338 mesm
1472 1295 1677 1337 Nicholai

139 1376 374 1432 Phelypes‚
404 1375 478 1417 &c.

252 1497 427 1541 Walter
456 1496 510 1538 de
538 1493 754 1552 Cloptone
785 1511 863 1538 son
894 1495 981 1537 and
1012 1494 1106 1537 heir
1138 1493 1188 1536 of
1212 1491 1334 1536 John
1361 1491 1415 1533 de
1446 1491 1678 1548 Cloptone,

138 1576 185 1613 to
205 1570 347 1613 Willm
370 1569 592 1625 Phelypes
613 1568 700 1610 and
723 1569 953 1625 Margaret
973 1568 1040 1609 his
1061 1566 1173 1609 wife.
1234 1565 1323 1607 No.
1345 1566 1417 1607 54.

199 1690 288 1733 No.
308 1694 378 1734 67.
402 1693 525 1737 Edw.
549 1695 639 1737 III.
672 1696 800 1738 1366.
857 1695 1038 1751 Sunday
1060 1694 1169 1736 after
1191 1694 1482 1737 Michaelmas
1500 1694 1617 1751 Day.

254 1766 403 1807 Sciant
424 1781 535 1822 pres.
560 1775 603 1810 et
624 1768 701 1810 fut.
724 1768 840 1824 quod
862 1783 940 1810 nos
961 1767 1186 1810 Walterus
1210 1768 1326 1824 Cary
1348 1774 1391 1810 et
1415 1767 1680 1811 Willielmus

141 1837 379 1881 Cradduke
420 1840 618 1883 dedimus
696 1874 705 1883 .
778 1873 789 1884 .
863 1874 873 1883 .
950 1872 961 1883 .
1034 1840 1166 1882 Robto
1201 1841 1242 1883 le
1283 1841 1601 1897 Langebakere
1636 1849 1680 1885 et

139 1909 169 1954 J
172 1911 344 1953 ohanne
366 1913 490 1954 uxori
525 1913 734 1969 ejusdem,
755 1913 844 1955 filie
875 1919 917 1955 et
947 1912 1097 1954 heredi
1118 1914 1148 1955 J
1152 1913 1335 1955 ohannis
1357 1913 1491 1970 Gyot,
1519 1914 1680 1957 Omnia

139 1984 216 2026 illa
254 1991 392 2027 terras
422 1993 465 2027 et
499 1990 606 2028 tenta
635 2001 735 2028 cum
766 2001 883 2029 omn.
915 1987 1004 2028 suis
1035 1993 1147 2042 perts
1178 1987 1334 2043 quibus
1364 2002 1551 2043 cumque
1581 1988 1679 2038 Que

141 2057 372 2099 habuimus
407 2073 459 2100 ex
501 2059 618 2102 dono
671 2059 934 2101 feofamento
985 2059 1179 2114 predicte
1228 2060 1433 2102 Johanne
1473 2062 1596 2102 nobis
1636 2068 1680 2103 et

141 2131 315 2173 her'bus
336 2133 493 2173 nostris
514 2133 683 2189 inperp.
707 2134 766 2175 Et
796 2147 881 2188 que
912 2132 1087 2188 quidem
1118 2138 1234 2174 terre
1265 2139 1308 2174 et
1328 2138 1432 2175 tenta
1452 2134 1559 2175 scita
1579 2143 1681 2176 sunt

143 2203 189 2244 in
220 2204 264 2245 la
294 2205 430 2260 Hyde
470 2205 515 2246 in
558 2206 913 2262 Byschepestone
946 2206 1075 2262 juxta
1115 2207 1316 2262 Burgum
1350 2207 1516 2248 Montis
1546 2208 1682 2250 Acuti

145 2277 265 2319 Hab.
288 2284 332 2318 et
348 2277 454 2321 Ten.
480 2278 581 2319 Hiis
611 2284 710 2321 test.
740 2279 769 2321 J
773 2278 847 2319 ohe
868 2277 909 2319 le
932 2277 1048 2328 Doo,
1070 2277 1202 2319 Robto
1223 2279 1388 2330 Yerde,
1408 2281 1438 2322 J
1443 2280 1517 2321 ohe
1541 2280 1682 2337 Peny,

144 2349 275 2400 Rob20
310 2350 541 2405 Peyst0ur‚
574 2351 773 2393 Waltero
810 2351 1040 2407 Saymour,
1073 2351 1196 2394 Will0
1232 2352 1459 2409 Dollynge
1499 2354 1682 2405 seniore,

144 2422 273 2465 Will⁰
315 2423 547 2475 Warman,
578 2430 621 2465 et
658 2424 815 2466 Multis
845 2424 940 2466 aliis
984 2424 1152 2466 Datum
1192 2425 1309 2481 apud
1351 2426 1573 2482 Montagu
1595 2427 1682 2468 Die

146 2495 329 2538 Domin.
370 2511 495 2552 prox,
541 2504 639 2552 post
680 2497 798 2539 Fest.
855 2497 941 2541 S'ci
982 2497 1216 2539 Michaelis
1270 2499 1540 2556 Archangeli
1580 2515 1682 2541 ann.

145 2582 238 2625 reg.
279 2568 392 2625 Reg.
434 2570 639 2612 Edwardi
679 2570 822 2612 Tercii
869 2577 967 2627 post
1007 2580 1150 2627 conqm
1196 2571 1558 2628 Quadragesimo.
1620 2574 1683 2615 Et

146 2641 346 2682 seisinam
388 2642 547 2683 eisdem
572 2643 705 2684 Robt⁰
726 2649 769 2684 et
789 2643 818 2685 J
822 2642 993 2685 ohanne
1022 2650 1066 2684 et
1095 2643 1269 2686 her’bus
1309 2644 1443 2700 ipsius
1477 2646 1506 2688 J
1511 2646 1683 2689 ohanne

147 2713 192 2754 in
237 2715 377 2756 forma
397 2723 647 2770 ‘prenotata
687 2716 975 2771 personaliter
1004 2716 1300 2759 liberavimus.

262 2835 436 2879 Walter
471 2836 588 2893 Cary
615 2838 701 2879 and
722 2838 863 2882 Willm
885 2838 1137 2890 Cmdduke,
1168 2845 1212 2881 to
1246 2839 1416 2882 Robert
1450 2839 1491 2882 le
1515 2840 1684 2897 Lange-
