1834 3208
830 314 924 362 113

109 445 239 490 iidem
264 443 427 488 Ballivi
448 451 490 488 et
512 443 788 487 Successores
820 445 887 487 sui
914 443 1098 501 predicti
1120 444 1265 487 omnia
1285 449 1423 486 terras
1444 448 1487 485 et
1509 442 1642 485 ten’ta

108 521 244 577 pre'ta
278 534 377 562 cum
414 519 544 574 pert’s
581 525 672 560 toto
708 533 833 574 posse
868 531 946 560 suo
982 519 1291 574 gubernabunt
1320 518 1387 558 Ac
1424 517 1564 558 exitus
1601 521 1644 558 et

107 593 304 650 proficua
342 590 443 633 inde
479 591 784 647 proveniencia
824 591 1033 633 levabunt
1068 596 1111 632 et
1151 590 1205 631 de
1240 590 1565 645 recepcionibus
1603 595 1646 630 et

106 665 398 708 solucionibus
434 663 521 705 suis
553 663 598 703 in
631 662 713 704 hac
746 669 869 718 parte
903 662 1025 704 factis
1053 669 1095 704 et
1128 662 1286 703 habitis
1308 662 1491 703 reddent
1512 661 1643 702 iidem

109 737 273 780 Ballivi
303 743 347 778 et
382 750 648 777 successores
679 735 745 776 sui
779 736 963 791 predicti
988 735 1183 777 Fidelem
1209 734 1474 791 Compotum
1497 748 1644 775 coram

110 811 379 854 coronatore
402 808 735 851 constabulario
759 815 800 851 et
823 809 908 850 Sex
934 808 1202 850 Hominibus
1225 807 1363 862 magis
1386 806 1645 848 discretiori-

109 885 189 927 bus
236 881 572 925 Communitatis
624 881 816 937 ejusdem
868 881 970 924 ville
1020 882 1075 923 de
1121 880 1434 923 Yevelchestre
1485 880 1648 922 ibidem

110 954 336 997 annuatim
369 955 415 994 in
444 955 576 995 Festo
604 954 867 995 Animarum
902 955 1224 1011 imperpetuum
1250 953 1310 994 Et
1330 953 1461 994 iidem
1485 952 1650 994 Ballivi

112 1035 154 1071 et
175 1042 441 1070 successores
463 1027 528 1068 sui
551 1027 686 1082 pred'i
707 1042 759 1069 ex
778 1029 917 1069 causis
934 1028 1092 1083 pred'is
1107 1027 1330 1069 habebunt
1346 1032 1389 1067 et
1405 1026 1648 1082 percipient

111 1101 165 1144 de
186 1101 371 1144 exitibus
412 1106 456 1142 et
496 1101 700 1156 proficuis
741 1101 945 1156 predictis
993 1098 1223 1143 tresdecim
1263 1099 1422 1141 solidos
1462 1106 1649 1155 quatuor

111 1174 311 1216 denarios
357 1173 582 1215 annuatim
625 1173 869 1229 imperp’m.
924 1175 983 1216 Et
1023 1175 1059 1215 si
1100 1173 1326 1228 contingat
1372 1172 1488 1228 quod
1534 1173 1650 1214 dicta

112 1245 400 1288 Amortizatio
423 1244 552 1286 modo
574 1245 712 1286 forma
734 1252 776 1287 et
798 1246 1045 1288 intencione
1065 1247 1172 1288 meis
1195 1246 1354 1301 pred’is
1376 1244 1488 1286 infra
1509 1245 1646 1288 dictos

113 1317 432 1375 quinquaginta
471 1331 606 1358 annos
649 1318 932 1360 effectualiter
967 1326 1015 1361 ut
1051 1319 1295 1375 predictum
1331 1325 1395 1360 est
1431 1319 1524 1360 fieri
1563 1333 1649 1361 non

114 1390 248 1447 possit
269 1389 399 1439 Quod
421 1395 525 1430 tunc
546 1389 675 1430 iidem
694 1389 868 1432 Will'us
893 1391 1091 1447 Egidius‚
1113 1392 1201 1442 &c.‚
1233 1424 1242 1433 .
1308 1424 1318 1434 .
1380 1421 1389 1432 .
1453 1424 1464 1433 .
1504 1391 1649 1434 he'des

114 1469 158 1505 et
179 1463 306 1517 assig.
329 1463 395 1504 sui
415 1468 490 1503 aut
511 1477 662 1503 eorum
685 1463 841 1518 aliquis
876 1464 930 1505 ad
967 1479 1116 1506 eorum
1143 1465 1395 1506 instantiam
1416 1479 1516 1507 cum
1537 1465 1653 1506 dicta

115 1536 349 1578 medietate
399 1536 593 1577 exituum
636 1542 678 1577 et
719 1537 1014 1592 proficuorum
1055 1545 1309 1580 remanente
1359 1539 1557 1595 superius
1607 1538 1653 1579 in

118 1610 313 1653 custodia
345 1624 422 1665 per
456 1609 701 1650 Licenciam
736 1610 917 1651 Domini
955 1610 1090 1666 Regis
1122 1611 1167 1652 in
1203 1611 1284 1653 hac
1320 1618 1443 1667 parte
1478 1611 1652 1667 perqui-

118 1683 300 1726 rendam
322 1682 561 1724 concedent
592 1682 660 1724 vel
682 1682 890 1724 concedet
913 1683 1097 1725 Ballivis
1118 1684 1239 1726 Ville
1261 1684 1314 1726 de
1336 1684 1653 1727 Yevelchestre

120 1757 258 1813 pre'ta
290 1756 345 1798 ad
377 1762 481 1797 tunc
502 1770 581 1811 pro
609 1762 806 1811 tempore
834 1756 1118 1799 existentibus
1145 1763 1189 1799 et
1219 1758 1536 1799 successoribus
1567 1757 1655 1799 suis

122 1829 306 1872 Ballivis
328 1829 521 1885 ejusdem
543 1828 645 1870 ville
666 1829 987 1885 imperpetuum
1006 1831 1221 1886 quendam
1241 1831 1473 1872 annualem
1492 1830 1657 1872 Reddi-

120 1909 214 1944 tum
255 1902 584 1958 quatuordecim
633 1902 889 1944 Marcarum
933 1903 1203 1945 Habendum
1245 1904 1573 1959 percipiendum
1615 1910 1659 1946 et

122 1975 355 2018 levandum
387 1976 431 2016 in
454 1980 497 2016 et
518 1975 572 2016 de
593 1976 793 2016 omnibus
814 1976 941 2017 terris
973 1982 1015 2018 et
1045 1977 1189 2018 ten’tis
1221 1977 1369 2032 pre'tis
1390 1992 1489 2018 eum
1527 1978 1658 2033 pert’s

123 2048 196 2090 Ad
218 2063 345 2089 usum
371 2047 540 2089 d’orum
564 2048 816 2103 Pauperum
839 2048 884 2088 in
915 2048 1127 2089 auxilium
1155 2049 1486 2090 sustentacionis
1506 2063 1657 2090 eorum

124 2128 168 2163 et
189 2121 360 2162 Domus
383 2120 541 2176 p’dicte
572 2120 626 2161 ad
656 2127 839 2176 quatuor
868 2122 970 2162 anni
1004 2122 1212 2163 terminos
1241 2122 1501 2178 principales
1536 2124 1658 2179 equis

125 2194 402 2250 porcionibus
424 2195 502 2235 sub
524 2194 671 2235 debita
702 2194 840 2235 forma
867 2194 912 2235 in
944 2195 1115 2250 scriptis
1137 2195 1238 2236 inde
1260 2195 1525 2237 sufficienter
1557 2211 1658 2238 con—

124 2266 317 2307 ficiendis
339 2280 437 2307 cum
461 2264 655 2306 clausula
682 2266 737 2307 ad
769 2266 1119 2322 distringendum
1148 2281 1279 2322 super
1300 2272 1438 2308 terras
1461 2274 1504 2308 et
1524 2267 1658 2308 ten’ta

126 2338 263 2395 pre’ta
291 2353 371 2395 pro
401 2338 572 2380 defectu
604 2338 837 2381 solucionis
868 2340 1062 2380 redditus
1093 2340 1242 2395 p’dicti
1274 2340 1430 2381 totiens
1463 2341 1662 2396 quotiens

127 2413 388 2468 contiguerit
409 2412 536 2453 dic'm
559 2413 778 2454 redditum
801 2428 826 2454 a
847 2419 963 2454 retro
996 2413 1086 2454 fore
1118 2413 1172 2454 ad
1201 2413 1389 2469 aliquem
1426 2414 1662 2455 terminum

128 2499 215 2527 non
237 2485 427 2527 solutum
462 2485 523 2526 Et
553 2485 588 2526 si
618 2485 733 2526 idem
765 2485 961 2527 redditus
983 2486 1313 2540 quatuordecim
1337 2486 1592 2527 Marcarum
1615 2487 1660 2527 in

129 2557 268 2599 forma
289 2558 429 2613 pre’ta
461 2557 604 2599 debite
636 2558 901 2599 Amortizari
922 2559 1083 2613 poterit
1116 2558 1241 2600 Tunc
1268 2558 1398 2600 iidem
1435 2559 1599 2601 Ballivi
1621 2566 1664 2601 et

129 2643 394 2671 successores
429 2629 495 2670 sui
527 2629 654 2684 pre’ti
685 2629 822 2671 dictos
851 2644 1061 2685 pauperes
1094 2635 1137 2671 et
1167 2645 1317 2672 eorum
1351 2630 1588 2686 quemlibet
1619 2631 1664 2671 in

131 2702 330 2744 omnibus
371 2707 418 2742 ut
456 2701 700 2756 predictum
739 2708 803 2743 est
843 2704 1153 2757 gubernabunt
1193 2709 1236 2744 et
1277 2703 1574 2744 reformabunt
1614 2717 1664 2744 ac

133 2775 296 2816 dictum
346 2774 578 2816 annualem
629 2775 847 2817 redditum
898 2775 1107 2818 levabunt
1156 2776 1414 2832 capiendum
1460 2775 1560 2817 inde
1609 2776 1665 2817 ad

134 2861 259 2889 usum
301 2859 426 2888 suum
467 2848 692 2902 proprium
734 2849 959 2890 annuatim
1008 2848 1240 2890 tresdecim
1281 2847 1439 2890 solidos
1480 2854 1667 2904 quatuor
