1834 3208
881 266 977 314 140

159 397 474 446 Yevilchestre‚
498 396 818 452 Lymyngtone,
841 396 1131 446 Northovere‚
1159 395 1415 437 Somertone
1448 393 1690 451 Erleyghe,

160 477 203 513 et
223 471 268 512 in
292 469 507 512 Parochia
528 469 581 510 de
603 468 872 518 Somertone,
899 484 998 510 cum
1021 469 1151 525 pert's
1171 469 1214 509 in
1235 469 1357 511 Com.
1380 468 1568 510 Somers.
1592 469 1689 518 Que

160 556 302 597 nuper
334 542 510 582 fuerunt
547 540 731 582 Roberti
767 541 877 582 Veel
922 540 982 581 Et
1022 540 1196 596 plenam
1237 540 1550 595 possessionem
1585 540 1689 581 inde

162 614 421 671 capiendum
444 614 696 669 Seisinaque
726 619 768 655 et
789 613 1055 670 possessione
1087 613 1188 654 inde
1209 613 1270 654 sic
1291 618 1417 668 capta
1437 612 1492 654 ad
1514 612 1689 668 plenam

160 688 362 729 seisinam
384 686 485 727 inde
507 701 585 741 pro
609 686 749 729 Nobis
771 692 814 728 et
840 686 1014 727 nomine
1038 685 1201 727 Nostro
1224 686 1422 727 Roberto
1442 684 1621 741 Aughte
1643 689 1688 726 et

159 760 362 802 Waltero
385 759 516 801 Wale
547 759 731 801 Ballivis
763 759 865 801 ville
893 759 946 800 de
977 758 1281 800 Yevilchestre
1309 764 1352 800 et
1384 758 1688 813 Burgensibus

158 833 352 889 ejusdem
386 832 488 874 ville
532 831 829 873 Liberandum
862 832 993 887 juxta
1031 831 1120 873 vim
1160 831 1345 873 formam
1386 836 1430 873 et
1478 830 1682 872 effectum

158 905 447 961 quarumdam
484 904 827 946 Indenturarum
862 903 962 944 inde
997 903 1111 944 inter
1145 903 1240 944 Nos
1276 918 1329 944 ex
1365 917 1451 944 una
1483 908 1607 958 parte
1642 908 1687 944 et

159 978 333 1034 pred'os
366 977 562 1019 Ballivos
598 982 642 1018 et
677 977 929 1032 Burgenses
964 991 1017 1018 ex
1050 975 1186 1017 altera
1219 981 1343 1031 parte
1379 975 1433 1017 de
1463 975 1564 1017 dato
1591 990 1688 1031 pre-

158 1051 352 1092 sencium
393 1050 606 1092 factarum
649 1050 816 1092 Ratum
857 1056 899 1091 et
939 1055 1115 1104 gratum
1155 1049 1365 1090 habentes
1405 1054 1449 1090 et
1498 1048 1689 1090 habituri

158 1124 363 1180 quiequid
405 1123 560 1180 pred’ti
602 1123 827 1165 Attornati
876 1122 1012 1164 nostri
1054 1122 1237 1163 fecerint
1276 1121 1346 1164 vel
1387 1136 1498 1163 unus
1538 1135 1690 1163 eorum

155 1197 307 1239 feeerit
336 1211 415 1253 pro
435 1197 558 1238 nobis
581 1203 656 1238 aut
677 1196 851 1238 nomine
872 1202 1020 1237 nostro
1050 1196 1096 1236 in
1127 1195 1345 1251 premissis
1368 1209 1445 1251 per
1467 1200 1690 1250 presentes

158 1270 213 1311 In
251 1271 373 1326 cujus
410 1270 471 1312 rei
503 1270 663 1311 testim.
700 1269 894 1325 pres'bus
917 1268 1040 1324 Sigil.
1074 1275 1223 1310 nostra
1255 1268 1536 1324 apposuimus
1571 1269 1691 1310 Data

156 1343 413 1385 duodecimo
454 1342 523 1384 die
565 1342 733 1383 Mensis
771 1341 1017 1384 Fsebruarii
1054 1356 1156 1386 ann.
1192 1356 1285 1396 reg.
1329 1341 1445 1397 Reg.
1482 1340 1691 1382 Edwardi

163 1416 321 1466 Quarti
353 1415 484 1457 Sexto
516 1415 698 1458 deoimo.

217 1497 461 1539 Endorsed.
505 1497 546 1537 A
576 1497 650 1538 L'r
673 1496 724 1538 of
753 1496 970 1553 Altorney
1005 1495 1072 1538 for
1099 1496 1236 1538 seisen
1267 1495 1318 1538 of
1346 1495 1609 1538 Stocklinch
1645 1500 1690 1537 to

155 1571 229 1613 the
267 1570 435 1627 Baylifs
472 1570 523 1612 of
549 1570 773 1620 Ilohester‚
809 1569 922 1611 from
958 1569 1032 1611 the
1066 1569 1276 1614 Feoffees.

287 1741 456 1782 Master
491 1738 624 1780 Riohd
647 1737 846 1788 Swanne,
879 1737 1046 1788 Canon,
1073 1739 1162 1788 ἕω,
1194 1737 1279 1779 and
1316 1737 1476 1789 others,
1511 1737 1691 1794 appoint

157 1813 277 1856 John
299 1813 460 1868 Vyalle
495 1812 580 1853 and
616 1817 700 1853 two
736 1825 871 1859 more,
892 1825 937 1851 as
973 1811 1084 1851 iheir
1110 1811 1362 1866 Attorneys‚
1398 1816 1442 1851 to
1475 1811 1574 1866 give
1610 1809 1691 1851 full

159 1886 400 1943 possession
422 1885 472 1928 of
484 1886 558 1927 the
582 1886 741 1926 Manor
763 1883 812 1926 of
827 1883 1083 1927 brooklineh
1107 1883 1192 1925 and
1214 1883 1273 1924 all
1304 1883 1378 1924 the
1400 1883 1524 1925 other
1546 1883 1687 1934 lands‚

158 1962 246 2010 δια,
266 1958 411 2002 before
434 1958 604 2008 named,
625 1972 732 1999 once
754 1957 993 2013 belonging
1014 1963 1058 1998 to
1080 1957 1245 1998 Robert
1265 1957 1394 2009 Veel,
1415 1962 1460 1998 to
1481 1956 1555 1998 the
1576 1956 1685 1999 then

160 2033 331 2075 Bailiffs
353 2032 439 2074 and
457 2032 699 2088 Burgesses
720 2030 770 2072 of
784 2030 1011 2072 nohestan
1045 2031 1157 2072 Feby
1182 2031 1248 2071 12.
1269 2029 1371 2071 16th
1394 2029 1444 2072 of
1459 2029 1585 2072 Edw.
1604 2029 1689 2072 IV.

254 2199 344 2242 No.
377 2200 472 2241 141.
504 2198 662 2254 Henry
692 2198 767 2240 the
797 2197 1002 2240 Seventh.
1036 2199 1160 2240 1486.
1219 2198 1478 2254 September
1520 2199 1590 2246 22,

274 2280 508 2323 Omn.X1÷i
534 2280 618 2321 Fid
679 2312 689 2322 .
752 2312 762 2322 .
822 2311 834 2321 .
897 2311 907 2321 .
968 2279 1197 2322 Walterus
1219 2279 1512 2321 Yarteoombe
1535 2278 1623 2322 Sal.
1643 2279 1690 2320 in

160 2355 265 2397 Dno
289 2354 402 2396 Cum
424 2369 505 2409 ego
528 2353 669 2409 pred’s
697 2352 921 2395 Walterus
949 2367 1088 2407 nuper
1118 2352 1172 2393 de
1205 2367 1317 2394 novo
1353 2353 1689 2395 construxissem

160 2435 202 2469 et
224 2427 491 2469 edificassem
513 2426 567 2468 ad
589 2432 732 2467 custos
753 2440 871 2467 meos
893 2425 1092 2481 proprios
1115 2425 1348 2475 Quoddam
1378 2425 1689 2467 Molendinum

159 2501 292 2543 Bladi
326 2500 370 2541 in
406 2505 449 2542 et
485 2514 615 2555 super
650 2499 839 2555 quodam
872 2498 1154 2554 porciunculo
1183 2499 1261 2540 soli
1294 2499 1484 2555 parc-ella
1516 2499 1689 2556 gardini

158 2575 247 2616 sive
270 2573 463 2615 Pomarii
486 2574 655 2615 Domus
678 2572 984 2614 Elimosinarie
1019 2573 1064 2613 in
1099 2571 1410 2614 Yevelchester
1431 2573 1618 2629 jacentis
1639 2572 1686 2614 in

158 2647 371 2690 Orientali
393 2651 515 2701 parte
537 2645 730 2702 ejusdem
754 2645 925 2687 Domus
953 2645 1127 2688 Scilicet
1156 2646 1201 2686 in
1232 2645 1506 2702 longitudine
1532 2645 1688 2702 viginti

157 2721 291 2762 trium
327 2720 489 2777 pedum
520 2719 582 2760 Et
609 2719 656 2760 in
686 2718 916 2760 latitudine
957 2718 1110 2775 viginti
1146 2718 1331 2760 duorum
1367 2718 1525 2774 pedum
1557 2717 1687 2769 Quod

158 2794 334 2851 quidem
364 2792 695 2851 porciunculum
730 2792 810 2835 soli
835 2792 949 2835 inter
983 2791 1068 2834 alia
1102 2792 1199 2850 Ego
1219 2791 1439 2849 predictus
1464 2791 1687 2836 Walterus
