1834 3208
966 324 1028 369 20

230 450 419 505 Knight,
456 451 571 492 Lord
608 452 658 493 of
685 452 874 503 Hatcbe,
904 459 949 494 to
983 451 1183 492 William
1208 451 1531 506 Beauchampe,
1564 449 1754 505 Knight‚

228 522 307 563 her
338 523 538 572 brother3
572 523 770 565 William
809 525 1021 574 Burtone‚
1056 523 1259 579 Knight3
1293 522 1485 564 Richard
1521 521 1755 564 Craddoke

229 595 399 636 Parson
421 596 472 637 of
484 596 558 637 the
581 597 757 639 Church
780 598 830 638 of
845 599 964 653 Cury
988 597 1146 647 Maletj;
1171 596 1255 637 and
1280 596 1436 651 Henry
1460 595 1509 637 of
1525 595 1723 636 Arderne
1744 610 1754 643 ;

228 668 285 709 all
303 669 380 709 her
393 669 511 724 right
532 669 617 710 and
640 669 818 711 interest
838 671 880 711 in
903 670 962 711 all
983 670 1061 711 her
1084 670 1267 711 Mauors
1288 655 1412 710 lands
1434 675 1552 710 rents
1569 667 1754 708 services

228 742 313 783 and
338 742 606 783 Advowsons
640 743 682 782 in
718 743 793 784 the
826 743 1033 785 Counties
1066 742 1115 783 of
1139 742 1384 783 Middlesex
1414 742 1634 782 Somerset
1669 738 1754 780 and

229 815 401 857 Devon.
461 815 524 857 To
551 816 677 857 Have
699 816 783 857 and
805 822 848 857 to
876 816 995 858 Hold
1027 815 1077 857 of
1106 816 1179 856 the
1202 814 1373 870 Capital
1397 813 1535 855 Lords
1557 813 1606 855 of
1631 812 1754 853 those

230 888 339 928 Fees
363 888 416 943 by
438 887 510 928 the
533 887 616 928 due
638 888 723 928 and
746 894 991 943 customary
1014 888 1211 928 services.
1263 885 1754 929 Witnesses—Thomas

227 961 280 1002 de
304 960 613 1016 Beauchampe
651 960 756 1001 Earl
787 960 838 1001 of
865 960 1103 1010 Warwick‚
1128 960 1269 1015 Hugh
1297 959 1349 1000 de
1373 958 1560 1000 Stafford
1584 957 1689 999 Earl
1712 958 1763 998 of

228 1033 415 1074 stafford
435 1050 445 1082 ;
495 1032 614 1075 John
664 1033 717 1074 de
768 1033 993 1088 Seynlowe
1044 1033 1113 1082 (St
1165 1032 1279 1081 Lo)?
1330 1031 1518 1072 Thomas
1567 1031 1755 1079 Treneff,

230 1106 442 1147 Nicholas
464 1106 658 1156 Golafre,
681 1106 902 1162 Knigbts3
933 1106 1020 1146 and
1043 1106 1202 1147 others.

623 1245 708 1287 No.
747 1247 811 1296 13,
841 1247 976 1295 A.D.‚
1012 1247 1134 1288 1279.
1198 1246 1302 1287 Feb.
1334 1246 1375 1286 3.

339 1319 438 1359 Hec
461 1324 523 1359 est
549 1318 713 1359 Finalis
746 1318 991 1360 Concordia
1028 1318 1138 1359 facta
1171 1318 1215 1358 in
1245 1317 1378 1359 Curia
1410 1315 1591 1357 Domini
1625 1314 1757 1370 Regis

229 1391 344 1446 apud
365 1391 804 1432 VVestmonasterium
820 1391 864 1431 in
883 1391 1083 1433 Crastino
1108 1389 1428 1431 Purificationis
1455 1389 1592 1429 Beate
1615 1387 1756 1428 Marie

229 1479 345 1506 anno
388 1465 533 1520 Regni
576 1464 710 1520 Regis
751 1464 955 1506 Edwardi
1008 1464 1108 1505 Filii
1151 1463 1285 1519 Regis
1340 1462 1520 1503 Henrici
1562 1461 1757 1515 Septimo

231 1537 391 1578 Coram
437 1537 606 1577 Thoma
648 1536 864 1577 Welonde
907 1536 1105 1577 Waltero
1146 1535 1199 1576 de
1251 1534 1416 1590 Helym
1458 1533 1661 1575 Johanne
1702 1533 1756 1573 de

232 1610 417 1652 Lovetot
441 1610 617 1666 Rogero
651 1610 704 1651 de
727 1610 843 1666 Leyc
865 1609 1107 1650 Willielrno
1143 1609 1196 1650 de
1234 1609 1462 1649 Burntone
1497 1608 1525 1649 J
1533 1606 1758 1647 usticiariis

231 1691 274 1726 et
309 1684 403 1725 aliis
446 1684 627 1725 Domini
669 1684 805 1739 Regis
841 1683 1041 1724 fidelibus
1083 1689 1186 1723 tunc
1227 1682 1285 1723 ibi
1328 1681 1598 1736 presentibus
1637 1680 1758 1721 Inter

231 1758 481 1801 Johannem
514 1757 567 1798 de
602 1756 729 1797 Bello
765 1757 932 1812 Campo
971 1756 1235 1806 Querentem
1267 1769 1343 1810 per
1380 1753 1670 1794 Willielmum
1707 1752 1760 1794 de

234 1830 445 1872 Dakham
487 1830 675 1885 positum
718 1829 812 1870 loco
855 1843 932 1869 suo
968 1828 1021 1869 ad
1067 1827 1326 1869 lucrandum
1375 1825 1444 1867 vel
1490 1824 1761 1880 perdendum

233 1905 291 1946 Et
323 1903 468 1944 Adam
502 1903 555 1944 de
590 1902 793 1957 Lyscwys
826 1901 1144 1957 Impedientem
1182 1901 1252 1941 De
1287 1899 1486 1941 Manerio
1516 1899 1570 1940 de
1606 1898 1761 1939 Stoke-

232 1977 376 2019 linche
398 1991 496 2018 cum
519 1976 798 2031 pertinenciis
822 1975 953 2017 Unde
978 1975 1194 2016 Placitum
1216 1974 1298 2014 fuit
1318 1975 1430 2014 inter
1452 1987 1523 2013 eos
1544 1972 1588 2012 in
1611 1971 1762 2019 eadem

235 2051 369 2093 Curia
409 2049 583 2091 Scilicet
623 2048 737 2103 quod
780 2047 996 2103 predictus
1043 2047 1183 2087 Adam
1227 2045 1478 2101 recognovit
1519 2043 1762 2099 predictum

234 2122 485 2165 Manerium
524 2135 622 2161 cum
659 2126 769 2175 pertS
792 2134 883 2160 esse
910 2120 984 2175 jus
1020 2119 1154 2174 ipsius
1188 2118 1402 2160 ,Iohannis
1434 2130 1476 2157 ut
1516 2115 1622 2157 iliud
1646 2115 1761 2171 quod

233 2197 348 2238 idem
371 2196 399 2238 J
404 2195 596 2236 ohannes
625 2193 754 2234 habet
784 2193 836 2234 de
868 2192 980 2233 dono
1005 2191 1186 2247 predicti
1208 2191 1305 2232 Ade
1329 2191 1390 2231 Et
1411 2205 1490 2246 pro
1512 2189 1591 2230 hac
1613 2203 1761 2244 recog-

234 2271 397 2311 nitione
436 2268 521 2308 fine
558 2273 600 2308 et
640 2266 870 2308 concordia
904 2266 1019 2306 idem
1054 2265 1278 2307 Johannes
1320 2263 1528 2305 concessit
1570 2262 1762 2318 predicto

236 2344 333 2384 Ade
370 2349 412 2383 et
447 2341 653 2384 Johanne
675 2340 819 2380 Uxori
848 2339 939 2395 ejus
975 2338 1217 2394 predictum
1242 2337 1490 2378 Manerium
1525 2351 1621 2376 cum
1652 2341 1763 2391 pert⁸

237 2416 427 2473 exceptis
455 2429 541 2456 una
574 2429 673 2455 acra
709 2420 823 2454 terre
860 2419 902 2454 et
939 2412 1118 2453 dimidia
1154 2426 1237 2467 que
1266 2411 1417 2466 jacent
1451 2410 1495 2450 in
1535 2409 1763 2463 Hethinge

236 2488 544 2531 Advocacione
579 2486 775 2527 Ecclesie
798 2485 990 2541 ejusdem
1026 2484 1127 2525 ville
1151 2484 1211 2524 Et
1244 2482 1457 2538 homagiis
1490 2488 1532 2523 et
1564 2482 1763 2523 omnibus

236 2562 426 2604 serviciis
447 2560 582 2601 libere
614 2566 767 2600 tenure
799 2556 992 2614 ejusdem
1015 2555 1203 2597 Manerii
1239 2569 1322 2611 que
1344 2554 1484 2595 eidem
1505 2554 1534 2596 J
1538 2553 1698 2595 ohanni
1720 2559 1763 2594 et

238 2634 467 2677 heredibus
524 2631 611 2672 suis
662 2644 738 2685 per
787 2629 919 2669 finem
965 2628 1118 2668 istud*
1160 2634 1386 2667 remanent
1439 2626 1762 2680 imperpetuum

238 2709 359 2750 Hah.
396 2713 439 2747 et
479 2705 585 2745 Ten.
620 2702 778 2760 eisdem
814 2700 913 2742 Ade
935 2707 977 2741 et
1009 2699 1212 2742 Johanne
1249 2699 1303 2740 de
1337 2698 1529 2754 predicto
1561 2698 1763 2741 Johanne

326 2796 432 2828 *The
470 2791 658 2826 occasional
698 2790 922 2822 inaccuracies
962 2790 996 2822 in
1031 2788 1164 2830 Syntax
1203 2789 1381 2829 oecurring
1415 2788 1450 2819 in
1483 2788 1541 2819 the
1578 2787 1675 2820 MSS.
1708 2798 1762 2819 are

238 2850 406 2890 retained,
430 2848 496 2880 and
521 2846 659 2879 marked
683 2846 715 2876 in
739 2843 867 2883 Italics,
892 2855 927 2875 as
952 2844 1068 2875 above.
