1834 3208
887 284 983 336 107

163 420 284 464 hulle
319 420 374 463 de
410 433 478 463 me
513 423 634 463 tenet
665 418 728 461 Et
763 432 845 475 que
871 417 993 462 Johes
1014 416 1199 460 Worme
1236 416 1290 459 de
1326 415 1495 474 prefato
1530 416 1699 459 Thoma

163 495 270 539 Cole
301 494 406 536 dum
433 493 542 537 vixit
571 492 807 549 aliquando
837 491 979 535 tenuit
1003 490 1123 533 Hab.
1158 496 1201 533 et
1227 491 1321 533 Ten
1383 523 1392 533 .
1456 524 1467 534 .
1528 524 1539 533 .
1600 491 1700 532 Hiis

161 569 278 612 Test.
302 568 438 611 Nieh⁰
459 566 606 610 Coker
635 566 664 610 J
667 566 741 609 ohe
763 565 977 608 Mascalle
1006 564 1137 606 Will⁰
1157 564 1268 606 Trut
1298 564 1493 608 Roberto
1524 565 1701 622 Pypere

161 642 191 686 J
195 642 268 685 ohe
288 641 473 698 Smythe
495 641 548 683 de
570 639 851 683 Northovere
869 639 899 682 J
903 639 977 681 ohe
999 638 1214 680 Lemman
1237 638 1434 681 Henrico
1457 638 1701 695 Gryndelle

162 715 236 771 qui
271 721 436 757 cartam
467 714 596 755 istam
625 711 954 769 scripsit-Data
988 725 1103 753 nono
1140 711 1208 753 die
1245 711 1414 753 Mensis
1448 711 1561 754 Maii
1598 726 1698 753 ann.

162 803 254 845 reg.
291 788 403 845 Reg.
442 787 629 830 Henriei
664 786 785 829 Sexti
821 791 920 842 post
952 794 1096 841 eonqm
1132 785 1337 827 seeundo.

802 895 936 903 ->-—

277 959 398 1003 John
418 959 583 1011 Abbot,
603 958 752 1001 cousin
784 957 870 999 and
904 957 1000 999 heir
1035 956 1085 999 of
1110 956 1300 998 Thomas
1331 955 1438 999 Cole
1462 955 1513 998 of
1539 956 1701 1000 Yevel-

164 1033 346 1084 chester,
380 1039 426 1076 to
466 1032 720 1075 Alexander
760 1031 814 1073 de
848 1031 891 1073 la
929 1031 1084 1088 Lynde
1120 1030 1207 1072 and
1244 1030 1493 1072 others—A
1531 1030 1623 1086 plot
1658 1031 1709 1074 of

163 1107 335 1163 ground
356 1107 462 1149 with
484 1111 815 1163 appurtenants,
837 1105 882 1146 in
913 1104 1253 1155 Yevelchester;
1287 1104 1411 1160 lying
1438 1110 1483 1146 at
1512 1105 1587 1146 the
1615 1105 1700 1147 end

164 1181 215 1223 of
227 1180 429 1231 Venella,
450 1180 589 1222 called
612 1180 770 1236 Abbey
795 1179 930 1221 Lane.
951 1178 1102 1234 nearly
1133 1177 1331 1234 opposite
1358 1183 1403 1220 to
1439 1178 1513 1219 the
1547 1178 1702 1221 House

164 1252 214 1295 of
227 1252 301 1295 the
323 1252 574 1308 Preaohing
595 1252 744 1294 Friars
774 1251 819 1292 in
852 1250 926 1292 the
962 1265 1080 1292 same
1111 1256 1243 1292 town.
1302 1249 1396 1291 The
1425 1250 1518 1306 plot
1539 1252 1594 1292 66
1617 1251 1703 1293 feet

163 1326 283 1382 long,
316 1326 400 1368 and
434 1327 491 1367 22
526 1325 612 1368 feet
647 1325 771 1368 wide.
833 1324 956 1375 Also‚
987 1330 1032 1366 to
1066 1323 1141 1365 the
1176 1338 1294 1365 same
1327 1323 1582 1366 Alexander
1615 1325 1701 1366 and

163 1400 323 1452 others,
358 1415 384 1442 a
419 1400 498 1442 site
538 1399 625 1442 and
660 1399 818 1441 curtill.
857 1398 907 1440 of
935 1413 960 1439 a
995 1399 1194 1454 burgage
1229 1397 1273 1439 in
1309 1397 1383 1439 the
1418 1413 1537 1440 same
1572 1404 1703 1450 town,

164 1473 319 1516 situate
339 1474 537 1517 between
553 1473 627 1516 the
645 1472 856 1515 aforesaid
874 1471 966 1528 plot
982 1471 1068 1513 and
1085 1471 1158 1513 the
1176 1472 1335 1513 tenetnt
1355 1471 1497 1514 which
1512 1472 1702 1514 Thomas

166 1548 346 1589 Broune
367 1547 416 1590 of
430 1547 724 1604 Tyntenhulle
756 1546 859 1588 held
892 1545 942 1588 of
960 1546 1050 1586 him
1080 1545 1266 1597 (Abbot)
1329 1578 1338 1588 .
1400 1578 1410 1588 .
1472 1579 1483 1589 .
1544 1546 1698 1588 Ni0h³⁸

166 1620 326 1673 Coker,
356 1621 514 1678 Henry
543 1620 788 1678 Gryndelle
817 1619 916 1662 who
940 1624 1075 1661 wrote
1109 1617 1195 1659 this
1231 1617 1506 1660 Deed-—and
1540 1619 1701 1662 others.

166 1694 276 1751 May
307 1696 349 1739 9.
378 1695 436 1737 2d
466 1710 584 1752 year,
617 1695 737 1737 Hen.
769 1693 856 1736 VI.

467 1867 556 1911 No.
591 1869 686 1910 116.
717 1868 875 1924 Henry
904 1867 991 1909 VI.
1026 1868 1149 1909 1424.
1211 1867 1321 1924 May
1352 1868 1395 1908 9.

281 1952 366 1995 Sei.
387 1967 498 2009 pres.
521 1958 564 1994 et
586 1952 666 1994 fut.
689 1951 806 2008 quod
831 1966 913 2008 ego
936 1951 1156 1994 Robertus
1178 1952 1293 1995 Veel
1315 1951 1415 1993 dedi
1476 1984 1486 1995 .
1548 1982 1559 1993 .
1621 1982 1631 1992 .
1693 1982 1704 1992 .

165 2026 419 2069 Alexandro
450 2026 504 2068 de
534 2026 578 2067 la
611 2026 765 2082 Lynde
786 2025 914 2068 Will⁰
935 2025 1206 2067 Walkedene
1230 2026 1330 2068 Ric⁰
1353 2024 1482 2067 Cerle
1505 2023 1702 2066 Henrico

168 2100 388 2157 Havegod
427 2100 457 2144 J
461 2099 529 2142 ohi
569 2099 807 2142 Glainville
858 2099 1007 2142 David
1061 2100 1229 2157 Hawys
1279 2099 1450 2141 Thome
1502 2095 1705 2153 Drapere

165 2175 334 2217 Thome
365 2174 581 2230 Saymour
608 2174 638 2216 J
643 2173 711 2215 ohi
733 2172 960 2229 Chepman
994 2178 1037 2214 et
1071 2173 1100 2216 J
1105 2173 1172 2215 ohi
1194 2174 1425 2216 Deneman
1458 2171 1632 2213 her'bus
1663 2176 1706 2212 et

167 2249 296 2304 assig.
336 2247 422 2289 suis
458 2247 604 2289 omnia
643 2247 799 2303 burg’a
830 2261 928 2288 mea
967 2252 1104 2288 terras
1140 2247 1276 2288 ten’ta
1312 2245 1455 2288 redd’s
1491 2245 1629 2287 serv’a
1663 2250 1707 2286 et

167 2323 351 2365 rever'es
372 2335 472 2364 oum
505 2321 592 2363 suis
619 2327 731 2377 pert⁸
754 2320 852 2371 Que
881 2335 1022 2376 nuper
1052 2335 1151 2363 eum
1187 2321 1216 2364 J
1220 2320 1390 2362 ohanne
1426 2319 1547 2361 Lane
1574 2318 1708 2360 habui

167 2410 221 2438 ex
241 2395 355 2437 dono
376 2400 419 2437 et
439 2394 617 2437 feoff’to
638 2394 667 2436 J
672 2393 855 2436 ohannis
877 2393 1168 2450 Kyngestone
1191 2392 1297 2435 alias
1320 2393 1422 2434 dieti
1450 2393 1478 2435 J
1483 2392 1565 2434 ohis
1591 2392 1706 2448 Brys

165 2469 212 2511 in
232 2468 548 2513 Yevelehestre
578 2473 621 2511 et
652 2467 932 2511 Northovere
962 2467 1006 2508 in
1033 2468 1158 2512 Com.
1180 2467 1369 2509 Somers.
1395 2467 1513 2509 Hab.
1536 2472 1579 2508 et
1598 2466 1705 2509 Ten.

169 2577 180 2588 .
242 2576 254 2587 .
315 2576 324 2585 .
389 2577 398 2587 .
460 2543 516 2585 In
538 2543 661 2599 cujus
692 2541 756 2583 rei
788 2541 949 2586 testim.
985 2541 1110 2596 Sigil.
1143 2556 1288 2583 meum
1321 2541 1494 2597 pre’bus
1524 2539 1707 2595 apposui

169 2616 271 2659 Hiis
308 2622 408 2660 test.
449 2615 585 2658 Nieh0
622 2613 769 2657 Coker
803 2614 909 2657 .Ῐο11Ε
943 2613 1159 2656 Masealle
1195 2613 1324 2654 Will⁰
1359 2614 1475 2655 Trut
1512 2612 1706 2653 Roberto

169 2690 345 2748 Pypere
373 2690 479 2734 Johe
512 2688 695 2746 Smythe
733 2688 786 2730 de
819 2687 1098 2731 Northovere
1130 2688 1237 2731 Johe
1268 2687 1481 2729 Lemman
1511 2685 1708 2727 Henrico

171 2763 413 2821 Gryndelle
448 2763 522 2820 qui
557 2768 723 2805 cartam
750 2762 877 2804 istam
912 2762 1083 2818 scripsit
1115 2762 1177 2803 Et
1207 2761 1302 2803 aliis
1334 2761 1455 2802 Data
1487 2773 1601 2800 nono
1638 2759 1708 2800 die

173 2838 338 2881 Mensis
361 2838 471 2881 Maii
492 2852 592 2881 ann.
615 2851 708 2894 reg.
731 2836 844 2893 Reg.
869 2836 1056 2880 Henrici
1078 2835 1199 2879 Sexti
1222 2841 1319 2891 post
1339 2840 1482 2890 eonqm
1503 2833 1709 2875 seeundo.
