1834 3208
918 321 979 367 36

191 448 342 490 combe
380 448 424 489 in
460 448 535 491 the
569 447 771 503 Marlpit‚
808 449 852 489 in
888 448 1035 491 North
1071 447 1305 498 Wonfield,
1339 462 1395 490 on
1432 446 1714 505 Bynnchhill‚

191 520 386 561 between
424 520 614 576 Bymere
652 520 739 561 and
774 519 1056 570 Salterslake,
1087 521 1223 562 above
1252 520 1513 576 Longmere,
1542 520 1715 575 beyond

192 590 501 646 Hangerland,
521 591 692 648 beyond
722 591 972 642 Overmere,
999 593 1135 634 above
1167 591 1402 647 Coldridge
1437 595 1551 643 (now
1584 591 1717 633 Chal-

190 663 346 719 ridge)‚
368 664 535 706 outside
570 664 620 706 of
646 664 833 707 Torke's
855 664 992 715 Crost,
1013 664 1100 705 and
1131 670 1176 706 to
1200 665 1275 706 the
1295 665 1422 706 West
1454 664 1502 706 of
1529 663 1716 706 Turke’s

192 735 330 786 Croft‚
381 737 466 778 and
520 743 566 779 to
621 737 696 778 the
730 737 857 779 West
911 737 961 778 of
1011 737 1196 778 Turke’s
1252 736 1389 787 Croft,
1429 736 1602 792 beyond
1654 735 1718 777 Le

192 807 489 864 Mone'sheye‚
510 814 555 849 at
576 808 759 850 Maiden
776 808 919 858 Cross‚
933 808 978 849 in
1001 808 1272 863 Longmead,
1292 809 1377 850 and
1399 809 1444 850 in
1472 807 1717 851 Chilterne-

191 894 323 921 mere.
344 880 486 922 Witn.
506 880 574 921 Sir
588 880 710 921 John
740 880 794 921 de
816 880 1031 929 Romesie,
1052 880 1212 935 knight
1230 897 1239 929 ;
1262 880 1439 922 Johnde
1461 880 1718 930 Dummere‚

191 951 313 993 John
335 952 463 1007 Fagg
520 984 530 993 .
592 984 600 993 .
665 984 675 994 .
738 982 748 993 .
805 950 948 993 Given
970 956 1015 991 at
1032 950 1232 992 Chiltern
1251 951 1399 1007 Vagg,
1431 967 1487 993 on
1521 952 1719 1008 Monday
1779 951 1784 955 ’

189 1023 325 1078 being
355 1023 428 1064 the
462 1023 660 1065 Morrow
691 1023 742 1065 of
772 1022 823 1064 St
859 1022 1047 1077 George‚
1081 1023 1126 1062 in
1161 1022 1236 1064 the
1269 1023 1386 1064 third
1426 1038 1530 1078 year
1572 1023 1621 1066 of
1644 1024 1719 1065 the

192 1096 316 1151 reign
342 1095 392 1137 of
418 1095 543 1151 King
565 1095 759 1137 Edward
791 1095 865 1136 the
891 1094 1029 1135 Third
1056 1093 1168 1134 from
1203 1094 1278 1136 the
1312 1094 1547 1151 Conquest.

441 1280 530 1321 No.
561 1280 632 1319 26.
676 1278 802 1319 Edw.
835 1277 927 1318 III.
963 1277 1088 1318 1336.
1148 1275 1278 1317 Palm
1310 1275 1505 1329 Sunday.

309 1363 372 1404 Le
393 1364 508 1405 Jour
529 1362 584 1403 de
607 1361 786 1403 Palmes
816 1361 890 1401 lan
912 1360 970 1401 du
992 1360 1164 1415 Reigne
1191 1359 1233 1400 16
1255 1359 1354 1414 Roy
1377 1357 1568 1399 Edward
1596 1356 1721 1398 Tierz

194 1450 319 1491 apres
341 1435 381 1477 16
415 1440 624 1490 conquest
651 1434 805 1475 Disme
838 1433 1043 1488 Acouynt
1080 1437 1201 1472 entre
1235 1431 1460 1472 Monsieur
1481 1429 1630 1472 Johan
1666 1429 1720 1470 de

194 1508 507 1563 Beauchampe
543 1508 597 1549 de
620 1507 866 1549 Somersete
900 1504 1104 1547 Chivaler
1141 1510 1183 1545 et
1217 1503 1432 1558 Seigneur
1467 1503 1521 1543 de
1545 1502 1722 1543 Hatche

194 1582 222 1623 d
257 1596 341 1623 une
376 1587 475 1636 part
509 1581 571 1621 Et
594 1579 748 1621 Water
771 1579 969 1620 Oseborn
1005 1578 1057 1618 de
1091 1576 1386 1632 Stokelynche
1419 1575 1657 1631 Magdalen
1691 1575 1719 1616 d

193 1660 316 1696 autre
348 1659 447 1709 part
484 1653 565 1694 Issi
588 1667 609 1693 c
631 1657 696 1693 est
732 1666 757 1692 a
789 1665 913 1692 saver
935 1665 987 1705 qe
1023 1649 1063 1690 16
1085 1650 1148 1690 dit
1170 1649 1316 1690 Monsr
1337 1648 1486 1690 Johan
1521 1648 1576 1688 ad
1609 1647 1720 1688 lesse

192 1727 322 1770 baille
344 1733 387 1768 et
407 1731 618 1782 guarante
640 1740 695 1766 au
728 1724 792 1764 dit
813 1723 971 1764 Water
1003 1728 1117 1763 tutes
1149 1721 1260 1763 celes
1281 1727 1394 1762 teres
1422 1726 1464 1762 et
1494 1726 1720 1762 tenemenz

194 1815 249 1842 en
271 1798 567 1855 Stokelynche
602 1798 663 1839 les
686 1811 830 1852 queux
861 1795 892 1836 il
920 1795 974 1836 ad
1007 1809 1061 1836 en
1093 1794 1159 1835 fee
1195 1794 1223 1835 d
1259 1793 1299 1835 el
1331 1794 1448 1834 donn
1475 1793 1490 1833 1
1518 1792 1721 1834 avandite

193 1873 352 1914 Water
374 1872 435 1913 Et
459 1871 560 1912 auxi
579 1870 621 1911 16
642 1870 705 1910 dit
728 1869 877 1910 Monsr
897 1868 926 1910 J
930 1868 1044 1909 ohan
1066 1867 1120 1908 ad
1147 1866 1256 1908 lesse
1279 1866 1423 1907 Baille
1445 1871 1488 1907 et
1508 1870 1721 1921 guarante

195 1960 251 1986 au
272 1945 335 1985 dit
355 1945 511 1986 Water
531 1957 592 1983 un
628 1956 731 1997 aqre
764 1940 816 1981 de
847 1946 961 1980 terre
983 1954 1037 1980 en
1067 1953 1250 1979 mesmes
1279 1938 1323 1978 16
1342 1938 1445 1978 Vile
1467 1952 1494 1993 q
1516 1943 1578 1979 est
1599 1936 1722 1991 apele

197 2015 580 2069 Churchstielaqre
603 2013 644 2054 A
665 2027 769 2054 aver
796 2018 838 2052 et
859 2012 899 2052 A
922 2011 1034 2052 tenir
1064 2016 1179 2051 tutes
1215 2010 1278 2051 les
1310 2009 1551 2051 avantdites
1586 2015 1722 2050 terres

198 2095 241 2131 et
261 2095 488 2130 tenemenz
509 2100 591 2127 oue
612 2099 678 2126 ses
709 2089 1082 2139 appertenaunces
1104 2097 1128 2122 a
1149 2087 1242 2123 tute
1268 2081 1311 2122 16
1331 2082 1401 2123 vie
1422 2081 1463 2122 16
1484 2081 1547 2121 dit
1567 2082 1724 2122 Water

197 2159 529 2201 fraunchement
561 2161 832 2198 enterement
863 2154 965 2195 bien
999 2159 1042 2195 et
1077 2168 1130 2194 en
1158 2168 1257 2209 pees
1294 2153 1528 2194 Rendaunt
1560 2152 1613 2194 de
1647 2166 1722 2193 ceo

198 2233 285 2274 dan
307 2247 360 2273 en
382 2245 437 2272 an
461 2245 486 2271 a
520 2229 564 2270 16
585 2229 716 2270 Feste
748 2227 801 2268 de
830 2226 967 2282 Seynt
989 2226 1158 2267 Mic-hel
1182 2241 1236 2267 au
1260 2226 1323 2267 dit
1345 2227 1493 2268 Monsr
1512 2225 1659 2269 Johan
1679 2230 1723 2266 et

200 2320 225 2347 a
257 2319 322 2346 ses
363 2303 478 2344 heirs
519 2316 581 2342 un
621 2301 754 2342 dener
786 2299 814 2340 d
855 2304 1010 2354 argent
1045 2313 1155 2353 pour
1187 2304 1260 2339 tuz
1292 2305 1435 2340 autres
1467 2298 1651 2339 services
1680 2303 1724 2339 et

199 2377 411 2420 seculeres
433 2373 698 2416 demaundes
721 2372 782 2413 Et
802 2371 842 2412 le
864 2371 928 2411 dit
950 2370 1099 2412 Monsr
1118 2371 1147 2413 J
1151 2371 1264 2412 ohan
1287 2376 1329 2412 et
1363 2385 1429 2412 ses
1461 2371 1575 2412 heirs
1609 2376 1723 2412 tutes

198 2450 262 2492 les
297 2448 539 2491 avantdites
570 2452 707 2487 terres
735 2450 777 2486 et
812 2450 1038 2485 tenemenz
1075 2457 1156 2484 oue
1193 2458 1258 2484 ses
1294 2450 1666 2499 apportenaunces
1701 2458 1727 2484 a

200 2529 292 2564 tute
313 2522 356 2563 16
376 2521 444 2563 vie
474 2520 515 2561 16
545 2519 608 2560 dit
627 2519 783 2560 Water
817 2522 996 2558 countre
1029 2522 1142 2557 tutes
1178 2522 1308 2571 gentz
1344 2523 1651 2572 garranteront
1681 2522 1724 2557 et

202 2595 484 2638 defenderont
505 2606 615 2647 pour
635 2590 697 2631 les
718 2590 902 2632 services
939 2595 1069 2631 avant
1090 2588 1199 2629 dites
1227 2589 1288 2629 Et
1309 2603 1433 2644 apres
1460 2589 1500 2630 16
1532 2589 1657 2630 deces
1683 2589 1724 2629 le

202 2669 265 2710 dit
299 2668 454 2709 Water
488 2669 602 2704 tutes
636 2661 698 2702 les
735 2666 866 2702 avant
898 2660 1008 2700 dites
1029 2666 1166 2700 terres
1199 2666 1241 2701 et
1277 2667 1505 2702 tenemenz
1541 2675 1623 2702 oue
1657 2675 1723 2702 ses

203 2746 579 2797 appurtenaunces
600 2750 655 2776 au
677 2734 740 2775 dit
762 2733 911 2775 Monsr
931 2733 959 2775 J
964 2732 1075 2774 ohan
1111 2738 1154 2774 et
1183 2747 1208 2773 a
1224 2747 1289 2774 ses
1310 2733 1424 2774 heirs
1446 2733 1724 2788 pleynement

205 2817 431 2868 returgent
452 2810 511 2851 Et
543 2821 670 2850 ensus
701 2821 776 2849 ceo
796 2805 914 2849 veolt
945 2810 987 2846 et
1019 2811 1231 2860 garaunte
1259 2805 1299 2847 16
1325 2806 1388 2847 dit
1410 2806 1558 2847 Monsr
1578 2806 1604 2848 J
1611 2806 1722 2847 ohan
