1834 3208
900 288 960 338 91

163 416 297 474 ipsius
337 417 487 461 Unam
528 417 723 476 placeam
762 419 808 462 in
851 419 1110 476 Chepstrete
1150 420 1252 464 ville
1296 421 1350 465 de
1390 421 1697 466 Yevilchestre

162 491 383 546 quondam
404 491 485 534 fuit
504 491 747 534 edificatam
768 493 1032 550 (sic)juxta
1053 492 1240 536 Crucem
1265 494 1350 538 S'ci
1372 495 1510 547 Petri,
1532 501 1575 537 et
1596 508 1697 536 con-

161 564 271 606 tinet
304 564 350 606 in
385 579 431 607 se
478 565 719 608 octodecim
754 565 885 622 pedes
928 566 973 607 in
1014 565 1287 623 longitudine
1322 574 1365 610 et
1400 568 1616 611 sexdecim
1651 567 1697 608 in

160 635 391 679 latitudine
431 636 555 680 Infra
604 638 773 680 Muros.
835 636 955 680 Hab.
1002 643 1045 679 et
1078 638 1186 681 Ten.
1219 640 1460 695 predictam
1501 641 1698 697 placeam

161 709 357 765 predicto
388 709 583 753 Johanni
615 711 814 766 Drapere
846 716 890 752 et
928 709 1132 753 Johanne
1166 712 1292 753 uxori
1325 713 1418 768 ejus
1470 745 1480 755 .
1543 745 1552 755 .
1614 746 1625 758 .
1688 745 1698 756 .

161 781 403 824 Reddendo
424 782 524 824 inde
557 782 782 824 annuatim
812 782 1118 838 Burgencibus
1149 782 1203 825 de
1229 783 1533 827 Yevilchestre
1563 800 1699 827 unam

160 855 448 911 quadrantem
465 855 520 897 ad
537 855 718 898 Festum
732 855 905 898 Natalis
921 856 1103 898 Domini
1119 871 1198 912 pro
1214 857 1333 899 omni
1349 858 1530 900 servicio
1564 891 1575 901 .
1626 891 1636 902 .
1689 891 1701 904 ,

162 928 265 970 Hiis
313 934 410 971 test.
456 928 586 970 Will0
635 928 826 984 Wyttok
876 929 981 972 Joh⁶
1035 929 1161 971 Brise
1206 930 1406 973 Waltero
1457 931 1700 974 Bowchere

163 1001 358 1057 Hugone
390 1001 601 1044 Westone
630 1001 760 1042 Willo
793 1002 969 1043 Bakere
996 1001 1102 1044 Johe
1123 1001 1348 1058 Schepert.
1381 1003 1550 1045 Datum
1581 1004 1699 1060 apud

160 1074 462 1116 Yevilehestre
494 1075 563 1116 die
584 1075 770 1116 Veneris
792 1089 915 1130 prox,
937 1080 1035 1130 post
1072 1075 1191 1117 Fest.
1219 1076 1495 1118 Assencionis
1517 1077 1700 1120 Domini

159 1161 261 1190 ann.
291 1163 382 1205 reg.
421 1148 537 1205 Reg.
575 1148 761 1190 Henrici
795 1147 952 1198 Quarti
985 1153 1085 1204 post
1117 1156 1260 1205 conqm
1297 1149 1462 1205 Anglie
1492 1151 1640 1194 Sexto.

990 1257 1058 1266 ,-

275 1316 524 1359 Christiana
572 1316 800 1371 Spensere,
850 1314 1068 1371 daughter
1126 1315 1213 1357 and
1264 1315 1359 1358 heir
1408 1317 1460 1359 of
1502 1317 1699 1362 Andrew

159 1391 374 1446 Spenscre
395 1389 480 1431 and
497 1389 526 1432 J
530 1388 703 1430 ohanna
723 1388 790 1429 his
806 1388 1008 1430 wife—to
1029 1388 1149 1432 John
1168 1389 1346 1446 Draper
1367 1389 1418 1432 of
1431 1391 1697 1435 Yevelches-

159 1470 226 1505 ter
247 1464 332 1505 and
353 1464 383 1506 J
388 1463 561 1505 ohanna
590 1462 657 1503 his
678 1461 933 1504 wife—One
968 1461 1062 1518 plot
1094 1461 1145 1504 of
1172 1463 1344 1518 ground
1366 1464 1411 1505 in
1434 1464 1696 1522 Chepstrete

160 1535 206 1576 in
228 1535 546 1585 Yevilchester,
566 1533 773 1589 formerly
794 1533 905 1575 built
926 1548 996 1584 on,
1011 1548 1117 1576 near
1137 1534 1212 1576 the
1234 1535 1365 1577 Cross
1387 1535 1437 1578 of
1451 1535 1515 1579 St.
1539 1537 1694 1588 Peter;

159 1610 293 1666 being
317 1610 369 1650 18
389 1608 475 1651 feet
496 1609 541 1650 in
554 1607 722 1663 length,
735 1607 821 1648 and
846 1608 898 1647 16
920 1606 1006 1649 feet
1026 1607 1150 1657 wide,
1166 1608 1438 1650 underneath
1458 1609 1533 1652 the
1551 1611 1694 1654 Walls

161 1713 462 1727 .....
521 1681 594 1736 By
621 1680 785 1737 paying
813 1679 969 1722 thence
1001 1680 1152 1737 yearly
1186 1686 1231 1722 to
1266 1681 1340 1723 the
1374 1682 1617 1740 Burgesses
1650 1684 1701 1727 of

157 1754 478 1805 Yevilchester,
499 1768 580 1795 one
601 1752 795 1808 farthing
824 1758 869 1793 at
889 1753 963 1794 the
986 1753 1024 1795 F
1026 1759 1117 1795 east
1137 1752 1188 1795 of
1212 1753 1288 1795 the
1312 1753 1514 1812 Nativity
1535 1756 1587 1798 of
1614 1771 1693 1800 our

159 1828 291 1871 Lord.
351 1826 496 1869 Given
517 1831 562 1867 at
581 1824 900 1875 Yevilchester,
920 1839 978 1866 on
1000 1825 1163 1882 Friday
1185 1831 1289 1868 next
1321 1826 1431 1869 after
1461 1828 1537 1870 the
1560 1829 1694 1872 Feast

158 1902 209 1944 of
233 1915 313 1943 our
336 1900 488 1942 Lord’s
509 1899 764 1942 Ascension.
827 1898 883 1940 In
904 1897 979 1940 the
1000 1898 1078 1940 6th
1099 1913 1204 1955 year
1225 1898 1277 1941 of
1290 1899 1448 1957 Henry
1470 1901 1557 1944 IV.
1581 1901 1694 1945 after

157 1975 232 2017 the
271 1980 480 2031 conquest
519 1973 570 2015 of
603 1971 829 2030 England.

254 2146 342 2190 No.
379 2147 450 2197 95,
480 2146 640 2202 Henry
674 2145 759 2192 IV,
797 2147 922 2188 1406.
982 2144 1184 2202 Blonday
1219 2144 1330 2187 after
1365 2144 1488 2200 Septr
1524 2144 1593 2187 14.

272 2229 490 2272 Noverint
510 2229 628 2271 univ.
649 2243 728 2285 per
748 2243 860 2285 pres.
889 2243 961 2270 me
982 2228 1223 2270 Ricardum
1245 2227 1462 2283 Cloptone
1485 2227 1688 2268 Fratrem

155 2308 198 2345 et
218 2301 423 2343 heredem
444 2301 635 2343 Walteri
657 2300 872 2357 Cloptone
908 2299 1069 2342 Militis
1101 2299 1295 2341 defuncti
1328 2299 1579 2346 Remisisse‚
1599 2299 1689 2350 ὕεα,

153 2373 398 2416 Willielmo
433 2372 726 2415 Haukeforde
762 2372 899 2414 Militi
933 2372 1035 2415 Johi
1077 2371 1345 2427 Fauntleroy
1379 2371 1546 2427 juniori
1586 2370 1689 2413 Johi

155 2447 432 2504 Lopenforde
454 2447 652 2490 Roberto
673 2445 786 2488 Veel
820 2451 864 2488 et
898 2445 1108 2488 Alianore
1142 2460 1226 2501 que
1252 2445 1335 2486 fuit
1366 2459 1476 2486 uxor
1497 2443 1686 2487 Walteri

155 2519 370 2575 Cloptone
392 2518 550 2561 Militis
582 2518 776 2561 defuncti
837 2549 847 2560 .
909 2550 919 2560 .
982 2550 991 2560 .
1053 2551 1064 2560 .
1122 2518 1282 2559 Totum
1302 2518 1378 2574 jus
1405 2531 1566 2567 meum,
1598 2518 1688 2567 &c.,

152 2593 198 2634 in
220 2592 424 2635 Manerio
447 2592 500 2635 de
523 2591 821 2648 Stokelynehe
843 2590 1139 2647 Maudeleyne
1172 2604 1223 2631 ac
1257 2590 1458 2632 omnibus
1485 2589 1611 2631 terris
1642 2594 1686 2630 et

152 2668 265 2708 tentis
285 2680 386 2709 cum
407 2671 518 2723 pert*³
539 2680 624 2722 que
655 2680 795 2722 nuper
825 2665 1002 2706 fuerunt
1036 2663 1220 2720 predicti
1240 2663 1430 2707 Walteri
1450 2663 1495 2704 in
1531 2661 1684 2703 eadem

153 2739 259 2782 villa
318 2772 330 2784 .
390 2772 401 2784 .
462 2773 473 2785 .
535 2772 544 2782 .
606 2739 668 2781 Et
699 2753 780 2795 ego
807 2753 910 2781 vero
938 2737 1157 2794 predictus
1179 2736 1395 2779 Ricardus
1456 2767 1466 2778 .
1529 2770 1539 2779 .
1600 2768 1611 2779 .
1673 2766 1684 2777 .

154 2816 308 2855 contra
339 2825 489 2856 omnes
525 2817 678 2869 gentes
709 2810 1108 2857 Warantizabimus
1168 2842 1179 2852 .
1241 2843 1253 2860 ‚
1315 2841 1325 2852 .
1387 2840 1399 2852 .
1459 2808 1530 2850 Ita
1566 2807 1683 2865 quod
