1834 3208
958 304 1016 349 18

220 430 426 471 Matillidi
455 446 538 486 que
570 431 648 471 fuit
680 431 768 473 filia
790 433 975 474 W'alteri
1000 433 1120 474 Peck
1149 433 1201 474 de
1225 433 1502 476 Northovere
1523 436 1744 491 quoddam

220 501 500 558 Mesuagium
531 519 628 545 cum
657 511 766 547 curt.
789 506 833 546 in
855 505 958 547 villa
980 506 1033 547 de
1072 506 1349 548 Northovere
1371 508 1483 563 quod
1521 509 1651 550 situm
1684 516 1748 551 est

206 575 338 629 juxta
359 583 461 617 ten¹¹¹
486 577 670 619 Henrici
700 578 884 619 Bastard
913 593 965 620 ex
996 586 1117 634 parte
1146 586 1255 622 aust.
1320 581 1381 621 Et
1405 581 1605 622 undecim
1628 596 1748 623 acras

214 645 523 703 ter1*e.(2r}ibilis
538 650 582 690 in
601 650 775 706 Campis
797 652 850 692 de
872 651 1145 694 Northovere
1164 654 1362 704 Quarum
1387 668 1462 694 sex
1486 668 1584 695 acre
1599 655 1749 710 jacent

213 721 259 761 in
283 721 639 783 Campojssoriali
661 731 702 765 et
724 725 912 780 quinque
941 726 1089 781 jacent
1120 727 1164 766 in
1205 726 1371 782 Campo
1398 727 1595 767 Australi
1617 726 1748 776 Quod

220 794 333 836 Mes.
384 782 503 836 c‘u'rts'
545 804 587 837 et
636 803 798 838 terram
863 799 1102 853 predictam
1155 800 1298 841 dictus
1349 799 1573 843 Walterus
1625 800 1749 841 Peck

215 867 448 922 aliquando
471 870 609 910 tenuit
641 871 747 911 Ten.
785 878 828 911 et
865 871 984 912 Hah.
1014 872 1178 913 dictum
1202 873 1317 914 Mes.
1351 880 1463 914 curt.
1507 879 1549 914 et
1587 879 1749 914 terram

218 940 457 994 predictam
481 957 578 983 cum
603 949 712 998 pert⁵
734 944 820 984 suis
843 944 955 985 dicte
979 945 1189 985 Matillidi
1210 952 1253 986 et
1286 946 1433 995 hered,
1464 946 1551 986 suis
1575 945 1642 987 vel
1664 946 1749 986 suis

217 1012 344 1067 assig.
368 1013 422 1054 de
443 1027 511 1054 me
532 1020 574 1055 et
598 1014 742 1055 hered.
766 1015 870 1056 meis
891 1015 960 1057 vel
994 1016 1100 1057 meis
1133 1016 1260 1071 assig.
1297 1016 1430 1058 libere
1457 1017 1599 1072 quiete
1634 1018 1748 1059 bene

217 1092 260 1125 et
281 1085 324 1125 in
347 1101 453 1140 pace
476 1087 578 1142 jure
610 1087 759 1128 hered0
792 1088 978 1143 inperpm
1002 1088 1245 1130 Reddendo
1267 1089 1366 1131 inde
1395 1090 1620 1131 annuatim
1642 1089 1748 1130 mihi

218 1159 367 1201 ether.
391 1160 495 1200 meis
518 1160 588 1201 vel
627 1160 735 1201 meis
770 1161 896 1216 assig.
926 1161 1041 1202 dicta
1078 1161 1264 1203 Matillis
1301 1169 1343 1203 et
1379 1162 1470 1204 her.
1507 1162 1573 1203 sui
1605 1168 1650 1203 et
1684 1162 1749 1203 sui

218 1233 346 1287 assig.
365 1233 558 1288 quinque
573 1233 743 1274 Solidos
761 1240 803 1275 et
820 1240 1005 1289 quatuor
1023 1235 1221 1276 denarios
1238 1234 1414 1277 obolum
1432 1241 1475 1276 et
1495 1241 1748 1290 quarteren-

217 1311 304 1345 tem
329 1307 382 1346 ad
424 1314 610 1361 quatuor
648 1307 765 1347 Anni
810 1307 1018 1348 terminos
1055 1308 1249 1349 Videlicz
1282 1308 1354 1349 Ad
1399 1308 1515 1349 Fest.
1562 1308 1748 1351 Nativit.

221 1378 349 1419 Beati
387 1380 601 1421 Johannis
637 1380 837 1435 Baptiste
873 1380 1086 1421 sexdecim
1125 1381 1325 1421 denarios
1361 1388 1403 1422 et
1437 1381 1750 1436 quaderentem

220 1452 291 1492 Ad
316 1452 432 1494 Fest.
457 1452 559 1494 S’eti
585 1453 761 1493 Mich'is
799 1453 1016 1494 sexdecim
1045 1453 1245 1495 denarios
1267 1460 1310 1494 et
1331 1461 1653 1508 quai-terentem
1677 1455 1749 1496 Ad

223 1525 383 1567 Natale
423 1526 603 1567 Domini
637 1526 855 1567 sexdecim
878 1527 975 1567 den.
1014 1533 1056 1567 et
1078 1534 1219 1582 quart.
1263 1527 1324 1568 Et
1360 1528 1414 1568 ad
1437 1528 1553 1569 Fest.
1581 1529 1750 1570 Pasche

219 1600 435 1640 sexdecim
477 1599 676 1640 denarios
718 1614 796 1652 pro
838 1599 955 1639 omni
997 1600 1178 1641 servicio
1219 1600 1402 1641 seculari
1443 1601 1667 1642 exactione
1708 1609 1751 1643 et

220 1673 435 1713 demanda
458 1672 588 1713 Salvo
610 1672 789 1713 servicio
827 1672 984 1728 Regali
1021 1679 1234 1727 quantum
1270 1674 1460 1728 pertinet
1492 1674 1546 1714 ad
1579 1681 1749 1715 tantum

220 1746 407 1787 liberum
431 1752 728 1787 tenementum
762 1746 804 1786 in
841 1745 944 1786 villa
979 1746 1100 1800 pred.
1149 1746 1210 1787 Et
1246 1746 1365 1788 salva
1388 1746 1514 1788 Secta
1546 1747 1590 1787 in
1619 1747 1751 1789 Curia

222 1834 318 1860 mea
353 1819 489 1871 ejusd.
528 1819 628 1860 ville
666 1820 724 1860 Et
760 1819 888 1860 salvis
925 1819 1272 1860 amerciamentis
1311 1819 1444 1860 Panis
1478 1826 1521 1861 et
1560 1821 1751 1861 Cervisie

224 1893 323 1948 Ego
345 1907 446 1934 vero
468 1892 606 1933 dictus
632 1892 768 1946 Hugo
801 1899 843 1932 et
879 1891 970 1936 her,
992 1892 1075 1932 mei
1098 1892 1167 1933 vel
1201 1892 1287 1933 mei
1308 1892 1435 1947 assig.
1459 1892 1623 1933 dictum
1645 1907 1747 1934 mee.

221 1981 319 2006 cum
352 1972 461 2007 curt.
495 1972 538 2006 et
579 1972 695 2005 terra
731 1965 850 2019 pred.
883 1971 925 2005 et
966 1965 1165 2006 omnibus
1206 1965 1300 2006 aliis
1341 1971 1474 2020 pertS.
1516 1965 1602 2006 suis
1639 1965 1752 2007 dicte

224 2038 436 2080 Matillidi
473 2044 514 2079 et
546 2037 659 2078 herus
694 2037 780 2077 suis
814 2043 857 2077 et
893 2037 979 2077 suis
1015 2037 1143 2093 assig.
1180 2044 1330 2078 contra
1362 2052 1511 2079 omnes
1546 2037 1752 2079 mortales

225 2112 620 2154 warantizabimus
644 2111 810 2165 inperp.
832 2110 921 2151 Pro
937 2110 1017 2151 hac
1035 2118 1177 2151 autem
1200 2125 1297 2152 mea
1319 2111 1419 2152 don.
1441 2125 1536 2153 con.
1559 2117 1602 2152 et
1622 2111 1752 2166 hujus

221 2193 338 2227 carte
361 2199 454 2225 mee
476 2184 671 2225 confirm.
710 2183 829 2224 dedit
862 2183 967 2223 mihi
1011 2183 1126 2225 dicta
1160 2183 1345 2225 Matillis
1380 2190 1545 2239 septem
1586 2199 1753 2225 marcas

223 2258 555 2313 esterlingorum
579 2272 655 2312 pre
677 2257 875 2297 manibus
899 2256 959 2296 Et
981 2263 1027 2297 ut
1060 2257 1137 2298 hec
1173 2271 1270 2298 mea
1303 2257 1403 2298 don.
1436 2271 1530 2299 con.
1560 2263 1603 2297 et
1625 2257 1752 2313 hujus

224 2338 340 2372 carte
363 2345 456 2372 mee
479 2330 590 2372 conf.
624 2337 716 2370 rata
739 2336 781 2370 et
803 2329 968 2370 stabilis
990 2329 1157 2384 inperp.
1181 2336 1435 2384 permaneat
1456 2329 1567 2370 hane
1588 2337 1752 2371 cartam

225 2404 367 2459 Sigilli
391 2404 473 2444 mei
495 2403 760 2458 inpressione
782 2402 981 2443 roboravi
1001 2402 1101 2442 Hiis
1118 2402 1318 2443 Testibus
1339 2402 1531 2443 Domino
1550 2402 1752 2444 Galfrido

229 2477 282 2517 de
329 2476 603 2517 Northovere
646 2473 899 2529 Capellano‚
946 2473 1139 2514 Henrico
1182 2474 1384 2523 Bastard,
1423 2474 1551 2516 Will⁰
1595 2475 1753 2526 Fabm,

228 2550 403 2605 Filippo
456 2547 657 2594 Bastard‚
709 2546 920 2586 Oseberto
977 2545 1029 2585 de
1082 2545 1359 2587 Northovere
1411 2546 1751 2597 Molendinaffio,

224 2624 440 2664 Turstano
476 2619 528 2660 de
572 2618 849 2659 Northove²re
892 2617 1140 2666 Aurifabro‚
1184 2617 1373 2659 Ricardo
1415 2617 1658 2659 Richeman
1700 2618 1754 2660 de

229 2694 521 2741 Northovere,
564 2691 625 2731 Et
666 2690 775 2731 aliis.

344 2815 484 2870 Hugh
507 2813 559 2854 de
581 2812 754 2857 Valeze,
777 2811 881 2852 with
903 2812 977 2852 the
998 2818 1141 2852 assent
1162 2810 1246 2852 and
1269 2818 1447 2853 consent
1469 2811 1519 2854 of
1533 2812 1665 2854 Anna
1686 2812 1753 2853 his
