1834 3208
868 273 963 322 102

153 404 393 448 dominicis.
452 404 513 447 V⁸
536 402 626 446 viiid
658 417 765 459 quos
785 403 934 445 Will¹²⁸
957 403 1109 446 Reede
1135 401 1279 445 reddit
1300 417 1378 459 pro
1408 404 1427 446 1
1464 408 1553 448 ten.
1578 419 1678 448 con-

148 477 314 519 tinente
335 476 465 518 Vaer’
487 481 601 518 terre
626 476 644 517 l
670 475 777 517 roda
797 476 912 531 prati
934 475 988 517 de
1010 475 1188 531 antiquo
1216 480 1332 517 astro
1360 481 1404 517 et
1425 491 1512 519 uno
1532 477 1680 520 clauso

148 555 302 591 vocato
342 548 619 605 Whyffynes.
689 547 809 589 xviiid
846 561 953 603 quos
996 547 1151 588 Niehus
1191 546 1351 602 Yonge
1392 548 1557 591 Rector
1596 549 1679 592 loci

146 622 291 665 reddit
321 635 401 677 pro
437 621 456 661 1
496 620 581 661 acr’
617 619 766 662 dimid.
801 624 916 661 terre
948 617 1233 664 dominicalis.
1296 620 1340 659 1‹¹
1372 634 1501 676 quem
1536 621 1680 664 Alicia

147 695 362 752 Sylveyns
392 692 536 735 reddit
570 707 649 748 pro
679 693 751 735 via
784 698 938 734 vocata
973 691 1227 748 Mullewey.
1289 692 1333 734 l‘l
1354 707 1483 748 quem
1515 694 1679 736 Sonota

145 781 287 822 nuper
308 779 416 806 uxor
437 763 626 805 Walteri
647 764 873 819 Peyntour
893 763 1038 805 reddit
1067 763 1113 805 in
1143 763 1269 806 feodo
1292 778 1372 820 pro
1401 764 1431 806 ii
1453 765 1537 807 acr'
1559 771 1677 808 terre

660 835 823 844 ......

261 974 334 1024 By
367 972 598 1014 indenture
631 971 759 1013 made
794 978 839 1013 at
873 972 1184 1028 Stokelynche,
1216 987 1271 1015 on
1305 972 1379 1015 the
1411 974 1486 1015 5th
1518 973 1603 1029 day
1634 974 1685 1017 of

146 1045 321 1100 March,
354 1046 400 1086 in
439 1045 515 1086 the
549 1043 630 1085 3rd
670 1057 774 1100 year
814 1043 864 1084 of
895 1043 971 1085 the
1009 1044 1132 1100 reign
1167 1044 1219 1086 of
1251 1044 1378 1101 King
1414 1046 1572 1103 Henry
1602 1047 1678 1089 the

148 1119 294 1168 Fifth;
326 1118 523 1168 Alianor‚
543 1117 697 1159 widow
724 1115 774 1158 of
801 1115 976 1158 Walter
998 1117 1228 1173 Cloptone‚
1255 1117 1431 1174 knight‚
1447 1125 1599 1175 grants
1631 1126 1677 1163 to

146 1191 358 1235 Nicholas
396 1191 572 1246 Yonge,
611 1189 749 1241 clerk,
789 1189 960 1231 Robert
998 1189 1112 1231 Veel
1152 1190 1309 1240 senior,
1349 1191 1434 1233 and
1477 1192 1677 1236 William

147 1263 574 1322 Kyngestone—All
613 1263 692 1304 her
726 1262 851 1304 lands
885 1262 972 1304 and
1006 1268 1249 1305 tenements
1285 1263 1330 1304 in
1367 1263 1678 1321 Stokelynche,

145 1337 269 1379 those
288 1337 368 1379 viz,
389 1335 531 1378 which
552 1349 665 1377 were
687 1334 906 1377 delivered
931 1335 1016 1377 and
1039 1335 1239 1390 assigned
1264 1341 1308 1377 to
1329 1336 1408 1377 her
1428 1337 1473 1378 in
1496 1337 1678 1395 Dowry,

145 1411 204 1467 by
225 1410 301 1451 the
322 1409 615 1451 Endowment
646 1406 696 1448 of
720 1407 795 1448 the
824 1407 916 1448 said
944 1407 1118 1449 Walter
1146 1407 1225 1449 her
1251 1408 1338 1450 late
1364 1409 1586 1452 husband:
1619 1425 1677 1453 on

146 1483 368 1525 condition
389 1481 439 1523 of
462 1481 536 1522 the
557 1485 758 1536 grantees
779 1480 943 1536 paying
962 1480 1111 1537 yearly
1132 1486 1177 1522 to
1199 1480 1397 1533 Alianor,
1417 1481 1578 1539 during
1598 1483 1677 1526 her

144 1556 232 1607 life,
252 1557 309 1596 44
330 1554 530 1609 shillings
551 1553 637 1594 and
660 1555 688 1594 4
709 1568 846 1609 pence
877 1553 928 1595 of
949 1552 1066 1609 legal
1090 1567 1261 1610 money,
1281 1559 1325 1596 at
1346 1554 1558 1612 Sylveyns
1579 1556 1676 1609 (her

144 1628 382 1681 residenee)
412 1641 518 1669 near
549 1625 860 1682 Stokelynche.

492 1727 531 1733 —..
541 1725 625 1732 ...--

418 1786 507 1831 No.
552 1788 648 1830 108.
690 1786 850 1843 Henry
889 1786 948 1828 V.
982 1786 1107 1828 1416.
1167 1785 1326 1829 March
1357 1786 1399 1828 6.

256 1857 474 1901 Noverint
514 1860 634 1902 univ.
674 1873 754 1915 per
792 1872 905 1915 pres.
945 1871 1016 1899 me
1047 1857 1304 1899 Alianoram
1344 1871 1428 1913 que
1468 1856 1530 1898 fui
1564 1869 1676 1898 uxor

140 1929 332 1974 Walteri
372 1932 589 1988 Cloptone
630 1932 786 1975 Militis
826 1931 1086 1973 Attornasse
1128 1935 1171 1972 et
1211 1929 1307 1972 loco
1346 1944 1445 1972 meo
1479 1929 1675 1985 posuisse

140 2002 319 2047 dilectos
339 2005 472 2047 michi
492 2006 523 2048 J
526 2005 632 2048 ohem
649 2004 869 2061 Havegod
891 2010 934 2046 et
954 2005 984 2047 J
988 2003 1092 2046 0h0¹¹¹
1107 2003 1280 2046 Webbe
1301 2003 1355 2045 de
1377 2001 1674 2059 Stokelynche

139 2075 433 2133 Mandeleyne
472 2080 586 2136 conj.
622 2084 665 2121 et
700 2078 786 2121 div.
822 2076 878 2119 ad
913 2076 1096 2119 lib’dum
1131 2090 1212 2132 pro
1243 2089 1314 2118 me
1350 2081 1394 2117 et
1427 2089 1545 2120 nom.
1574 2089 1673 2117 meo

139 2151 277 2193 Nich⁰
298 2153 462 2208 Yonge
494 2153 614 2194 cl'ico
643 2152 838 2194 Roberto
858 2149 972 2192 Veel
1003 2149 1160 2191 seniori
1189 2154 1233 2191 et
1258 2148 1389 2190 Wino
1410 2147 1673 2204 Kyngstone

139 2224 329 2280 plen’am
356 2225 503 2267 sei’am
535 2225 581 2266 in
616 2230 660 2267 et
695 2225 749 2266 de
778 2224 945 2266 om’bus
976 2223 1103 2265 terris
1139 2227 1184 2264 et
1214 2222 1359 2264 ten’tis
1395 2221 1597 2264 redd’bus
1628 2226 1673 2263 et

139 2297 328 2340 serviciis
349 2312 449 2340 cum
470 2304 581 2354 perts
599 2298 696 2349 Que
717 2297 777 2339 eis
797 2296 957 2338 tradidi
979 2301 1021 2338 et
1041 2295 1230 2338 concessi
1250 2294 1304 2336 ad
1327 2300 1454 2338 term.
1468 2294 1557 2336 vite
1576 2307 1673 2336 mee

137 2369 183 2412 in
203 2369 498 2426 Stokelynche
529 2369 823 2427 Mandeleyne
853 2369 974 2412 Hab.
1009 2374 1053 2411 et
1082 2373 1170 2411 ten.
1192 2368 1431 2410 secundum
1462 2367 1553 2410 vim
1585 2366 1671 2408 for-

137 2457 257 2486 mam
291 2449 334 2485 et
368 2443 570 2486 effectum
604 2443 877 2501 quarundam
912 2442 1258 2485 Indenturarum
1292 2441 1406 2484 inter
1438 2439 1534 2483 Nos
1568 2439 1671 2482 inde

138 2515 433 2558 confectarum
466 2516 636 2559 Ratum
670 2521 714 2558 et
748 2520 924 2572 gratum
957 2514 1122 2556 habens
1157 2519 1201 2556 et
1235 2513 1439 2556 habitura
1477 2511 1522 2554 id
1553 2511 1670 2568 quod

137 2588 269 2631 iidem
295 2588 419 2632 Joh0⁸
449 2594 493 2631 et
527 2588 648 2632 Johes
680 2588 860 2631 fecerint
887 2593 962 2630 aut
991 2586 1103 2629 alter
1133 2600 1285 2629 eorum
1316 2584 1466 2629 fecerit
1492 2584 1670 2627 nomine

137 2675 235 2704 meo
270 2661 317 2703 in
348 2661 568 2718 premissis
604 2660 660 2703 In
692 2661 814 2718 cujus
850 2660 913 2703 rei
943 2660 1102 2704 testim.
1134 2658 1260 2715 Sigil.
1291 2672 1437 2701 meum
1475 2657 1669 2714 pres'bus

138 2733 321 2789 apposui
342 2733 464 2776 Data
483 2738 605 2777 sexto
637 2732 707 2775 die
731 2731 892 2777 Marcii
922 2745 1023 2776 ann.
1046 2745 1138 2789 reg.
1160 2732 1277 2789 Reg.
1301 2730 1486 2775 Henrici
1511 2729 1667 2782 Quinti

138 2811 238 2861 post
264 2811 548 2863 conquestum
576 2804 747 2850 Tercio.
