1834 3208
940 285 997 329 12

198 416 316 451 carta
337 426 432 452 mea
449 411 701 452 confirmavi
741 413 874 455 Petro
910 413 950 455 le
987 414 1100 455 Bere
1136 413 1189 454 de
1225 413 1460 455 Ivelcestra
1481 419 1524 456 et
1563 413 1728 455 Edithe

204 484 326 524 uxori
360 499 434 525 sue
471 499 600 526 unam
635 500 778 527 acram
815 495 929 528 terre
961 487 1134 528 arabilis
1158 487 1377 543 jacentem
1410 487 1454 528 in
1485 487 1653 542 Campo
1674 487 1728 528 de

199 555 390 597 Cilterne
434 557 677 599 Dummere
718 559 936 600 Videlicet
987 559 1102 614 apud
1155 560 1432 615 Sewyes'gore
1476 560 1593 615 jacet
1643 573 1730 601 una

197 628 375 669 dimidia
397 644 496 670 acra
518 630 716 685 proximo
741 632 870 687 juxta
904 638 1065 673 terrani
1087 632 1115 674 J
1119 631 1302 673 ohannis
1325 632 1514 687 Hagene
1535 632 1579 672 in
1602 636 1726 687 parte

194 701 448 743 occidentali
502 703 561 743 Et
582 703 666 745 alia
699 704 879 746 dimidia
905 720 1005 746 acra
1021 705 1138 761 jacet
1169 705 1283 760 apud
1306 705 1349 746 la
1371 705 1499 746 Mere
1521 704 1720 760 proximo

189 776 318 830 juxta
354 783 515 817 terram
550 777 731 832 predicti
766 777 982 820 Johannis
1011 778 1199 834 Hagene
1235 779 1279 819 in
1312 784 1435 833 parte
1471 776 1727 819 occidentali

195 848 389 890 Tenend.
412 855 454 889 et
478 848 684 891 Habend.
707 850 866 891 dictam
889 865 1021 891 unam
1042 865 1187 891 aeram
1209 856 1323 895 terre
1359 849 1532 891 arabilis
1568 849 1622 890 de
1652 863 1723 890 me

195 927 238 961 et
274 921 504 961 heredibus
540 922 644 962 meis
677 922 745 963 vel
781 923 1008 978 assignatis
1045 922 1181 963 Petro
1215 928 1258 963 et
1295 921 1459 962 Edithe
1500 928 1543 963 et
1575 936 1726 962 eorum

194 993 424 1035 heredibus
447 994 514 1035 vel
539 994 793 1050 cuicumque
816 1010 910 1037 eam
933 996 1036 1036 dare
1053 995 1274 1050 assignare
1287 995 1475 1036 vendere
1493 995 1561 1036 vel
1582 994 1728 1049 legare

191 1067 409 1109 voluerint
431 1067 565 1109 libere
583 1069 725 1124 quiete
743 1070 851 1110 bene
873 1069 974 1110 etin
997 1084 1100 1125 pace
1122 1069 1166 1110 in
1188 1069 1387 1110 omnibus
1409 1069 1537 1110 rebus
1561 1073 1604 1109 et
1624 1067 1728 1109 locis

185 1141 288 1195 jure
305 1141 566 1182 hereditario
588 1142 895 1198 inperpetuum
919 1143 1163 1184 Reddeudo
1195 1142 1293 1183 inde
1316 1142 1539 1183 annuatim
1561 1141 1669 1181 mihi
1686 1147 1729 1182 et

191 1214 424 1255 heredibus
455 1214 560 1255 meis
598 1229 731 1255 unum
767 1230 845 1270 par
885 1214 1083 1256 albarum
1124 1221 1422 1270 cyrotecarum
1474 1213 1541 1255 vel
1592 1227 1728 1254 unum

193 1286 368 1327 obolum
411 1287 465 1327 ad
508 1286 679 1327 Pascha
720 1287 773 1327 ad
812 1286 1083 1328 ‘voluntatem
1126 1287 1312 1328 tenentis
1345 1301 1424 1342 pro
1468 1286 1728 1329 omnimodis

193 1359 383 1400 serviciis
417 1359 541 1400 sectis
583 1358 815 1401 Curiarum
849 1359 1057 1400 scirarum
1090 1358 1717 1401 hundredorum.secu1aribus

193 1432 494 1473 exactionibus
515 1431 701 1487 querelis
734 1439 776 1472 et
809 1431 1032 1472 demandis
1065 1432 1118 1472 ad
1151 1446 1430 1487 quoscunque
1453 1445 1728 1487 quocumque

193 1504 322 1545 modo
356 1504 649 1560 spectantibus
701 1504 791 1545 Pro
814 1504 893 1544 hac
915 1509 1061 1544 autem
1082 1518 1179 1544 mea
1200 1504 1433 1544 donatione
1454 1504 1726 1546 concessione

194 1584 238 1617 et
260 1577 471 1632 presentis
503 1582 619 1618 carte
652 1591 745 1618 mee
782 1576 1112 1617 confirmatione
1151 1576 1366 1617 dederunt
1406 1577 1511 1617 mihi
1547 1577 1728 1632 predicti

194 1650 353 1691 Petrus
395 1658 437 1691 et
479 1651 644 1692 Editha
679 1651 786 1691 duas
823 1665 990 1691 marcas
1024 1649 1379 1705 esterelingorum
1418 1665 1495 1706 pre
1527 1651 1727 1691 manibus

194 1724 294 1780 Ego
330 1739 432 1766 vero
467 1724 628 1767 Cecilia
660 1731 702 1766 et
735 1724 915 1765 heredes
949 1724 1033 1765 mei
1070 1730 1112 1764 et
1143 1723 1227 1764 mei
1259 1724 1464 1779 assignati
1486 1723 1727 1779 predictam

192 1811 338 1837 acram
379 1804 494 1838 terre
534 1812 633 1838 cum
674 1797 873 1838 omnibus
917 1796 1191 1851 pertinenciis
1228 1797 1313 1836 suis
1355 1796 1477 1837 dictis
1513 1796 1646 1837 Petro
1683 1805 1726 1838 et

197 1870 361 1911 Edithe
383 1877 424 1911 et
444 1885 594 1912 eorum
627 1870 859 1911 heredibus
888 1870 954 1910 vel
990 1870 1231 1924 cuicunque
1263 1884 1360 1910 eam
1393 1869 1495 1910 dare
1527 1870 1727 1925 asignare

193 1943 379 1984 vendere
401 1943 469 1984 vel
491 1943 639 1999 legare
659 1942 875 1984 voluerint
897 1942 1053 1996 ubique
1086 1943 1145 1983 W
1150 1941 1387 1982 arantizare
1424 1948 1466 1982 et
1499 1942 1551 1983 de
1589 1942 1726 1983 omni-

195 2016 332 2057 modis
346 2017 569 2058 demandis
585 2015 849 2058 secularibus
863 2014 1156 2056 exactionibus
1172 2014 1355 2069 querelis
1371 2014 1494 2057 sectis
1508 2015 1725 2056 curiarum

194 2090 399 2130 scirarum
446 2090 774 2131 hundredorum
816 2095 858 2129 et
898 2087 1157 2129 omnimodis
1199 2087 1291 2127 aliis
1333 2087 1386 2128 ad
1429 2103 1724 2144 quoscumque

195 2177 467 2219 quocumque
489 2164 617 2204 modo
640 2162 956 2219 pertinentibus
979 2162 1201 2216 adquitare
1219 2168 1261 2201 et
1283 2161 1512 2202 defemlere
1530 2168 1723 2203 tenemus

196 2243 345 2277 contra
367 2251 515 2278 omnes
545 2237 741 2278 homines
769 2242 811 2277 et
832 2235 1012 2276 feminas
1036 2234 1097 2275 Et
1130 2240 1176 2274 ut
1198 2234 1277 2275 hee
1308 2248 1404 2275 mea
1426 2234 1601 2275 donatio
1623 2250 1721 2276 con-

195 2310 327 2350 cessio
349 2316 391 2351 et
414 2310 622 2364 presentis
653 2316 769 2350 carte
801 2323 896 2349 mee
926 2307 1195 2349 confirmatio
1232 2306 1357 2347 firma
1393 2307 1447 2347 sit
1481 2313 1523 2347 et
1559 2308 1722 2349 stabilis

193 2381 501 2437 inperpetuum
537 2387 782 2437 presentem
823 2386 987 2421 cartam
1028 2393 1169 2420 meam
1205 2393 1304 2419 cum
1337 2378 1479 2434 Sigilli
1519 2379 1602 2419 mei
1643 2380 1722 2420 im-

196 2455 415 2510 pressione
432 2456 631 2496 roboravi
647 2455 747 2495 Hiis
763 2454 961 2495 Testibus
978 2452 1176 2496 Waltero
1194 2451 1451 2501 Cole‚Will⁰
1476 2451 1529 2492 de
1552 2452 1722 2502 Aclere‚

195 2529 364 2570 Thoma
384 2528 503 2578 Cole,
523 2528 552 2570 J
557 2528 726 2569 ohanne
749 2527 899 2582 Pigaz,
920 2526 1088 2567 Thoma
1109 2525 1161 2566 de
1194 2524 1400 2580 Engelbi,
1422 2523 1644 2580 Stephano
1667 2526 1719 2567 de

200 2602 670 2652 Du1nmere‚Johanne
687 2600 776 2641 filio
794 2599 1031 2655 Radulphi,
1044 2599 1246 2641 Johanne
1264 2598 1466 2653 Hagene,
1479 2597 1719 2639 Willielmo

197 2671 309 2711 dicto
333 2670 569 2718 Caretario,
592 2670 719 2724 hujus
742 2674 856 2708 carte
878 2668 1058 2716 notario,
1120 2666 1181 2707 Et
1202 2666 1329 2708 Aliis.

313 2793 468 2834 cecilia
526 2790 764 2832 Hereward
807 2790 855 2831 of
891 2789 1135 2837 Ivelcoster,
1174 2787 1359 2837 Widow,
1409 2794 1452 2828 to
1497 2787 1629 2828 Peter
1679 2787 1718 2829 le
