1834 3208
882 260 976 305 125

150 388 282 444 Grey,
317 388 437 432 Joh’i
465 388 768 445 Pupelpenne‚
801 388 925 430 Ric’o
953 388 1088 439 Serle,
1124 388 1320 431 Henrico
1353 387 1612 444 Havegode,
1649 394 1692 430 et

146 463 267 506 Joh’i
289 462 540 513 Glainville,
565 462 718 504 Unum
746 463 919 517 burg’m
953 461 1008 503 ad
1043 477 1218 518 presens
1251 476 1339 504 non
1373 462 1621 503 edificatum
1645 463 1690 504 in

147 535 462 579 Yevelchestre
482 549 618 592 prope
641 536 808 577 Locum
830 535 1020 578 Mercati
1042 536 1242 591 ejusdem
1264 535 1366 578 ville
1389 535 1518 576 modo
1541 536 1688 578 usitati

139 609 291 666 jacens
311 609 425 650 inter
444 610 628 650 ten'tum
652 608 863 651 Priorisse
886 608 1000 651 Albe
1022 608 1138 650 Aule
1169 608 1370 665 ejusdem
1403 608 1505 650 ville
1536 609 1580 650 in
1602 624 1688 665 quo

147 680 323 721 Will’us
343 680 568 722 Tancarde
589 680 718 723 modo
740 680 954 722 inhabitat
975 695 1027 722 ex
1052 695 1145 737 par.
1166 681 1274 722 bori.
1299 686 1342 722 et
1365 686 1533 721 tentum
1551 696 1688 737 quon-

145 751 245 794 dam
266 752 297 794 J
301 752 407 794 oh'is
429 752 535 794 Cole
556 752 610 794 de
633 752 954 809 Bruggewater
987 766 1039 794 ex
1073 767 1167 808 par.
1197 752 1336 794 occid.
1360 752 1403 792 in
1437 766 1523 808 quo
1546 752 1689 795 Gaola

146 824 349 867 Prisonn'
371 826 424 867 ab
446 826 625 882 antiquo
647 840 739 867 esse
760 825 927 868 solebat
951 826 1069 868 Hab.
1092 832 1136 867 et
1155 826 1256 868 Ten
1302 857 1312 867 .
1377 857 1388 866 .
1449 857 1459 867 .
1522 858 1532 869 .
1588 827 1688 868 Hiis

144 897 260 943 Test.
301 899 425 940 Rie’o
467 899 615 953 Purye
655 900 825 941 Thoma
866 900 1082 956 Seymour
1124 905 1230 941 tunc
1263 899 1450 941 Ballivis
1491 900 1686 956 ejusdem

143 970 261 1022 ville,
300 971 536 1014 Edmundo
579 972 820 1013 Dommere
855 971 1014 1013 Nich'o
1051 971 1212 1022 Coker,
1255 972 1399 1014 David
1434 973 1611 1024 Hawes,
1645 980 1688 1015 et

144 1044 293 1086 multis
324 1045 418 1086 aliis
442 1045 610 1086 Datum
643 1045 759 1100 apud
785 1044 1097 1087 Yevelchestre
1132 1051 1252 1087 sexto
1287 1046 1355 1087 die
1390 1046 1551 1088 Marcii
1584 1061 1687 1090 ann.

143 1131 235 1174 reg.
271 1118 385 1173 Reg.
418 1119 604 1160 Henrici
635 1118 756 1160 Sexti
787 1118 1003 1174 Septimo.

786 1219 853 1227 —‚

257 1271 413 1314 Will’m
436 1271 582 1314 Borde
603 1272 653 1314 of
667 1272 962 1322 Badecombe‚
998 1272 1043 1313 in
1080 1271 1154 1313 the
1188 1272 1266 1316 Co.
1301 1272 1351 1314 of
1377 1273 1617 1326 Somerset,
1639 1281 1684 1317 to

143 1343 285 1387 Willm
307 1344 551 1387 Boneville.
585 1344 676 1396 knt,
701 1345 787 1386 and
823 1345 994 1395 others;
1027 1359 1053 1386 a
1086 1346 1284 1401 burgage
1317 1353 1362 1387 at
1397 1353 1574 1402 present
1611 1355 1688 1389 not

143 1417 256 1459 built
275 1432 406 1473 upon,
426 1418 470 1458 in
492 1418 824 1468 Yevelchester,
856 1432 961 1459 near
989 1418 1063 1460 the
1086 1418 1271 1477 Market
1294 1419 1427 1461 Place
1447 1436 1456 1470 ;
1489 1420 1687 1463 between

144 1505 170 1532 a
185 1496 407 1533 tenement
427 1491 478 1533 of
498 1492 571 1533 the
595 1492 794 1533 Prioress
829 1491 880 1533 of
910 1492 1061 1534 White
1086 1492 1209 1543 Hall,
1231 1493 1439 1549 occupied
1461 1494 1518 1550 by
1539 1494 1685 1536 Willm

142 1562 369 1604 Tancarde
391 1578 446 1604 on
482 1563 555 1604 the
594 1563 754 1614 North,
791 1563 878 1605 and
911 1577 936 1604 a
971 1566 1059 1605 tent
1095 1578 1202 1606 once
1224 1564 1465 1621 belonging
1496 1571 1542 1607 to
1565 1566 1686 1609 John

144 1634 252 1677 Cole
292 1634 342 1676 of
376 1635 680 1692 Bridgewater
720 1641 766 1677 to
806 1635 882 1677 the
916 1636 1056 1686 West,
1096 1635 1142 1677 in
1178 1636 1321 1678 which
1357 1637 1432 1679 the
1471 1638 1586 1681 Gaol
1619 1639 1687 1681 for

143 1708 373 1750 Prisoners
405 1723 492 1750 was
524 1714 642 1750 wont
677 1714 721 1750 to
755 1709 810 1750 be
846 1707 898 1750 of
922 1708 995 1750 old
1056 1741 1066 1753 ,
1127 1741 1138 1752 .
1200 1742 1210 1755 ,
1272 1742 1282 1752 .
1347 1710 1483 1752 Richd
1519 1711 1685 1768 Purye,

141 1781 253 1824 ThoS
276 1782 503 1838 Seymour‚
526 1782 696 1824 Bailiffs
718 1781 785 1824 for
820 1781 894 1823 the
931 1781 1037 1823 time
1069 1782 1202 1838 being
1231 1783 1282 1824 of
1305 1783 1379 1826 the
1415 1799 1532 1827 same
1554 1791 1685 1836 town,

142 1855 350 1898 Edmund
383 1856 610 1907 Dommer,
645 1855 731 1898 and
760 1870 892 1912 many
929 1855 1090 1898 others.
1151 1856 1323 1904 March,
1355 1857 1447 1909 6th,
1469 1858 1547 1900 7th
1578 1874 1684 1916 year

141 1928 193 1971 of
216 1929 375 1986 Henry
406 1929 492 1972 VI.

414 2059 503 2104 No.
538 2061 634 2101 130.
672 2059 829 2115 Henry
856 2059 943 2101 VI.
982 2059 1106 2100 1429.
1170 2059 1333 2101 March
1365 2060 1405 2104 7.

257 2133 423 2176 Nover.
446 2133 564 2176 univ.
598 2147 678 2189 per
708 2147 821 2188 pres.
853 2147 923 2174 me
955 2132 1127 2175 Will’m
1150 2133 1299 2175 Borde
1321 2132 1375 2174 de
1403 2132 1680 2175 Badecombe

138 2205 184 2247 in
207 2205 331 2248 Com.
354 2206 541 2248 Somers.
565 2210 805 2246 attornasse
846 2236 857 2245 .
917 2237 929 2248 .
990 2238 1000 2248 .
1063 2238 1073 2248 .
1104 2205 1283 2247 dilectos
1305 2204 1436 2246 michi
1460 2205 1680 2247 Davidem

140 2278 305 2320 Hawes
327 2284 370 2320 et
390 2279 420 2322 J
424 2278 566 2320 oh'em
599 2279 804 2320 Denman
828 2278 940 2335 conj.
962 2284 1005 2320 et
1036 2279 1124 2322 div.
1155 2278 1209 2320 ad
1233 2278 1414 2320 lib’dum
1437 2293 1517 2334 pro
1538 2293 1608 2321 me
1638 2284 1682 2320 et

139 2365 254 2394 nom.
277 2366 375 2394 meo
395 2351 550 2393 Will’o
573 2351 806 2393 Boneville
842 2352 1002 2408 Egidio
1031 2352 1303 2408 Daubeneye
1331 2351 1497 2393 Thome
1535 2352 1679 2394 Beau-

138 2424 321 2481 champe
356 2424 568 2467 militibus
627 2457 639 2468 .
699 2458 708 2468 .
773 2456 783 2467 .
848 2458 859 2468 .
918 2425 1108 2481 plen’am
1142 2425 1345 2467 seisinam
1380 2424 1425 2465 in
1448 2430 1491 2467 et
1511 2424 1566 2467 de·
1591 2440 1679 2467 uno

140 2498 292 2555 burg’o
313 2513 412 2540 cum
434 2505 565 2555 perts.
589 2498 644 2540 ad
667 2513 779 2554 pres.
800 2513 888 2540 non
916 2499 1116 2541 edificato
1140 2499 1183 2539 in
1205 2498 1521 2541 Yevelchestre
1542 2513 1679 2554 prope

137 2571 303 2613 Locum
327 2572 514 2614 Mercati
530 2572 727 2628 ejusdem
743 2572 845 2615 ville
861 2572 991 2614 modo
1010 2572 1155 2614 usitati
1170 2573 1346 2629 jacente
1363 2572 1478 2613 inter
1493 2576 1678 2614 ten’tum

137 2644 351 2687 Priorisse
387 2645 502 2687 Albe
537 2645 653 2687 Aule
687 2645 882 2702 ejusdem
913 2645 1017 2688 ville
1047 2646 1093 2687 in
1132 2659 1218 2702 quo
1244 2644 1419 2686 Will’us
1451 2645 1677 2686 Tancarde

136 2717 266 2770 modo
287 2717 502 2759 inhabitat
523 2733 575 2760 ex
608 2732 700 2774 par.
724 2718 833 2760 bori.
870 2723 913 2760 et
944 2718 1126 2760 ten’tum
1161 2717 1384 2774 quondam
1405 2718 1436 2759 J
1440 2717 1547 2758 oh'is
1569 2717 1678 2759 Cole

137 2789 192 2831 de
230 2790 549 2847 Bruggewater
585 2806 637 2832 ex
672 2806 766 2848 par.
805 2791 940 2835 occid.
977 2792 1034 2834 In
1065 2791 1166 2842 Quo
1204 2790 1346 2834 Gaola
1384 2790 1589 2832 Prisonn’
1621 2791 1675 2833 ab
