1834 3208
874 301 933 348 88

141 430 261 478 John
298 431 480 490 Smythe
513 430 563 474 of
598 426 887 483 Northovere,
919 430 1107 474 Thomas
1141 428 1215 473 the
1258 429 1480 474 Millward
1516 429 1566 473 of
1592 429 1666 473 the

142 523 259 549 same
296 507 418 563 place
478 538 489 549 .
550 538 561 546 .
621 538 631 548 .
692 505 832 548 Given
865 512 908 547 at
945 505 1208 547 Northover.
1244 520 1300 547 on
1334 506 1529 562 Tuesday
1562 511 1666 547 next

142 581 286 623 before
320 578 625 635 Whitsunday.
684 579 761 622 5th
793 593 895 635 year
926 578 976 619 of
1003 579 1119 620 Hen.
1154 576 1237 620 IV.

247 763 334 805 No.
354 764 410 804 90
429 763 583 818 Henry
609 761 690 806 IV.
715 763 836 805 1404.
890 762 1051 818 Friday
1073 763 1219 804 before
1247 760 1552 816 W'hitsunday.

272 845 491 886 Noverint
532 845 720 886 universi
762 858 838 899 per
878 850 1098 899 presentes
1140 858 1208 885 me
1251 843 1487 884 Ricardum
1529 841 1666 882 filium

143 916 377 972 Reginaldi
399 924 487 958 atte
511 918 690 958 Watere
711 917 763 958 de
785 920 904 958 West
926 916 1122 958 Cammel
1144 917 1371 965 remisisse,
1393 918 1452 957 &c
1482 920 1485 922 ’
1514 947 1522 957 .
1585 948 1596 958 .
1657 946 1668 957 .

141 991 262 1031 willo
289 990 521 1046 Whyttoke
542 989 660 1030 Will⁰
682 989 820 1032 Gosse
843 996 885 1030 et
908 988 1102 1030 Roberto
1127 987 1232 1029 Veel
1259 989 1430 1030 her’bus
1461 995 1503 1030 et
1538 989 1668 1044 assig,

143 1064 229 1104 suis
269 1064 428 1104 Totum
460 1064 534 1117 jus
576 1077 736 1113 meum,
778 1063 868 1113 &c.,
929 1094 938 1104 .
1002 1096 1012 1105 .
1073 1094 1083 1104 .
1143 1062 1188 1103 in
1223 1062 1423 1103 omnibus
1464 1062 1589 1102 terris
1626 1067 1669 1103 et

142 1138 252 1178 tentls
290 1152 372 1192 que
413 1150 551 1191 nuper
592 1136 722 1177 habui
758 1136 884 1177 simul
923 1151 1021 1177 cum
1064 1136 1268 1191 predictis
1307 1135 1430 1177 Will⁰
1468 1134 1594 1177 Will⁰
1626 1140 1669 1176 et

143 1210 335 1251 Roberto
358 1225 410 1251 ex
432 1209 544 1250 dono
582 1216 624 1250 et
659 1209 933 1250 concessione
956 1209 1073 1264 predi
1097 1208 1331 1263 Reginaldi
1356 1208 1487 1264 patris
1519 1208 1603 1250 mei
1625 1209 1669 1249 in

143 1283 419 1325 Northovere
443 1283 572 1339 juxta
593 1282 905 1325 Yevelchestre
927 1289 1056 1338 prout
1091 1283 1135 1323 in
1170 1289 1288 1324 carta
1320 1283 1513 1338 ejusdem
1537 1284 1670 1338 patris

141 1357 227 1398 mei
248 1356 370 1397 nobis
392 1356 491 1397 inde
519 1355 713 1397 confecta
734 1355 902 1411 plenius
925 1356 1084 1411 poterit
1111 1370 1322 1411 apparere
1346 1356 1415 1397 Ita
1437 1355 1552 1411 quod
1574 1372 1669 1412 ego,

141 1430 230 1480 &c.‚
275 1446 285 1456 ·
348 1461 358 1472 .
419 1462 430 1474 ,
475 1429 575 1470 Ηίἱ5
607 1435 702 1471 test.
741 1428 839 1469 Rico
861 1429 996 1483 Otery
1030 1429 1210 1470 Andrea
1243 1428 1361 1470 Tour
1395 1429 1501 1472 Johe
1538 1431 1669 1473 Brice

141 1503 249 1545 Johe
282 1502 490 1545 Mascalle
522 1502 622 1544 Rico
660 1501 776 1542 Dole
807 1501 913 1543 Johe
943 1501 1126 1557 Smythe
1157 1501 1210 1542 de
1243 1501 1519 1544 Northovere
1551 1502 1669 1544 Willo

142 1576 371 1618 Lovecoke
403 1575 460 1617 Et
481 1573 587 1616 al'iis.
611 1576 728 1616 Data
750 1574 819 1615 die
854 1574 1040 1615 Veneris
1077 1589 1199 1630 prox,
1222 1582 1322 1616 ante
1358 1576 1474 1617 Fest.
1507 1576 1668 1618 Pente-

136 1655 274 1692 costes
306 1664 406 1692 ann.
441 1662 532 1703 reg.
566 1648 678 1703 Reg.
712 1647 896 1689 Henrici
932 1647 1088 1698 Quarti
1116 1654 1212 1704 post
1248 1653 1390 1704 conqm
1421 1648 1603 1700 Quinto.

255 1827 462 1879 Richard‚
483 1843 559 1869 son
596 1825 647 1869 of
674 1827 892 1882 Reginald
914 1834 1002 1868 atte
1032 1831 1177 1869 Water
1206 1827 1256 1869 of
1287 1831 1401 1870 West
1437 1828 1602 1881 Camel‚
1622 1835 1667 1872 to

142 1903 272 1944 Willm
298 1902 544 1958 Whyttoke,
566 1901 697 1941 Willm
715 1900 867 1949 Gosse,
892 1900 976 1941 and
1001 1901 1166 1942 Robert
1188 1901 1434 1943 Veel—-All
1456 1917 1528 1959 my
1549 1903 1669 1959 right

138 1977 183 2018 in
206 1976 263 2018 all
296 1977 370 2018 the
401 1975 524 2016 lands
556 1974 639 2016 and
674 1978 774 2015 ten¹⁵
796 1974 840 2014 in
865 1973 1131 2024 Northover‚
1153 1990 1257 2016 near
1282 1975 1503 2026 llchester,
1525 1977 1667 2018 which

140 2050 161 2091 I
184 2049 315 2105 lately
338 2049 422 2090 had
447 2049 490 2089 in
512 2048 789 2104 conjunction
808 2048 911 2088 with
934 2047 1066 2097 them,
1088 2049 1142 2103 by
1165 2048 1247 2103 gift
1268 2049 1315 2089 of
1331 2049 1419 2089 said
1446 2050 1664 2105 Reginald

138 2137 211 2179 my
247 2123 389 2164 father
452 2154 462 2163 .
521 2154 532 2162 .
593 2154 602 2163 .
666 2154 676 2163 .
737 2120 880 2162 Given
920 2135 975 2162 on
1015 2121 1176 2177 Friday
1213 2128 1315 2162 next
1351 2122 1496 2163 before
1531 2122 1665 2164 Whit-

137 2196 319 2252 sunday,
352 2196 396 2236 in
432 2196 506 2236 the
541 2195 616 2236 5th
651 2209 754 2250 year
784 2194 834 2235 of
867 2195 1020 2249 Henry
1055 2194 1139 2236 IV.

396 2361 469 2404 No
499 2364 569 2406 91.
603 2364 761 2420 Henry
793 2363 878 2405 IV.
914 2364 1037 2404 1404.
1099 2362 1403 2418 Whitsunday.

254 2448 472 2490 Noverint
499 2447 687 2489 universi
723 2461 800 2502 per
836 2461 948 2503 pres.
978 2461 1047 2488 me
1084 2446 1381 2503 Reginaldum
1408 2452 1495 2488 atte
1515 2450 1664 2489 Watre

136 2522 190 2564 de
212 2525 330 2562 West
352 2521 547 2563 Cammel
578 2521 795 2562 remisisse
857 2552 866 2562 .
931 2553 941 2562 .
1003 2553 1012 2562 .
1074 2552 1085 2562 .
1144 2520 1259 2561 Will⁰
1283 2519 1519 2575 Whyttoke
1553 2517 1663 2561 Will⁰

135 2594 274 2637 Gosse
296 2600 339 2635 et
375 2594 572 2636 Roberto
594 2593 706 2636 Veel
743 2593 832 2634 her.
866 2598 909 2635 et
941 2593 1068 2649 assig.
1104 2593 1190 2634 suis
1225 2593 1382 2634 Totum
1409 2593 1483 2649 jus
1517 2606 1663 2633 meum

352 2699 361 2709 .
422 2667 466 2707 in
507 2666 707 2708 omnibus
747 2666 873 2707 terris
915 2673 958 2708 et
998 2667 1110 2708 tentis
1148 2681 1232 2722 que
1274 2666 1355 2721 ipsi
1395 2664 1523 2706 simul
1564 2679 1663 2706 cum

136 2742 328 2784 Ricardo
350 2741 440 2782 filio
462 2755 558 2782 meo
580 2754 719 2795 nuper
740 2739 986 2781 habuerunt
1007 2740 1176 2782 exdono
1214 2746 1257 2781 et
1291 2753 1478 2781 concess.
1502 2753 1596 2779 mea
1617 2738 1662 2778 in

138 2815 415 2857 Northovere
444 2814 574 2871 juxta
605 2812 919 2857 Yevelchestre
991 2846 1002 2855 .
1062 2845 1073 2856 .
1135 2846 1144 2856 .
1206 2846 1215 2856 .
1294 2813 1394 2854 Hiis
1429 2818 1525 2857 test.
1560 2812 1663 2854 Ric⁰
