1834 3208
935 300 995 349 32

204 436 339 472 cestre
401 462 701 472 .....
763 432 986 474 Noveritis
1026 445 1097 472 me
1137 430 1364 472 tradidisse
1424 456 1722 473 .....

206 502 395 544 Ricardo
439 503 678 545 Hereward
717 504 862 545 Fratri
904 518 1000 545 meo
1047 504 1198 545 Unum
1243 504 1411 546 Mesua.
1454 518 1555 545 cum
1596 503 1725 546 Curt⁰

203 576 402 625 Quatuor
423 591 542 617 acras
564 582 677 618 terre
698 577 870 618 arabilis
888 577 1091 631 Quinque
1114 591 1233 617 acras
1255 577 1368 632 prati
1393 591 1491 617 cum
1512 591 1600 617 una
1620 579 1726 618 roda

201 663 299 689 cum
322 649 520 690 omnibus
542 649 635 690 aliis
658 656 767 706 pertS
788 650 831 690 in
854 649 1113 691 Ivvelsestre
1137 649 1334 698 Quarum
1357 649 1441 690 due
1463 664 1561 690 acre
1575 649 1726 705 jacent

200 721 244 761 in
281 721 447 776 Campo
475 722 528 763 de
563 722 840 778 Lymyntone
864 722 1009 763 Unum
1043 722 1087 762 in
1112 721 1369 763 Brokelond
1391 727 1434 763 et
1465 722 1645 763 alterum
1678 723 1723 763 in

201 793 432 834 Midenille
457 795 558 835 Due
593 794 725 835 altere
754 795 905 850 jacent
939 793 984 834 in
1014 792 1181 848 Campo
1218 793 1271 834 de
1294 793 1555 835 Ivvelsestre
1577 793 1723 834 Unum

199 867 244 906 in
267 866 522 907 Bridemere
543 873 586 908 et
607 867 782 908 alterum
804 872 957 908 vocata
976 865 1017 906 le
1040 865 1241 907 Godacre
1264 865 1457 908 Predicti
1485 880 1588 908 vero
1610 866 1725 921 prati

200 939 284 980 due
320 954 417 980 acre
452 945 495 980 et
526 939 704 980 dimidia
740 940 890 994 jacent
925 939 968 978 in
992 938 1248 979 Votismede
1281 938 1343 978 Et
1389 939 1474 979 due
1512 938 1648 980 altere
1681 945 1725 980 et

200 1012 378 1053 dimidia
390 1013 539 1068 jacent
559 1013 603 1053 in
627 1011 900 1053 Sestermede
924 1010 1053 1053 Roda
1087 1025 1191 1052 vero
1220 1011 1338 1066 jacet
1370 1010 1555 1066 desuper
1592 1017 1724 1067 eaput

200 1085 380 1140 predict.
418 1084 499 1125 due
535 1098 629 1125 acre
664 1083 784 1126 Hab.
820 1089 862 1124 et
895 1083 988 1124 Ten
1051 1115 1349 1125 .....
1412 1083 1467 1123 In
1504 1083 1626 1139 cujus
1661 1084 1724 1125 rei

198 1158 356 1199 testim,
388 1157 487 1198 huic
518 1157 677 1212 scripto
719 1154 943 1197 indentato
985 1156 1130 1211 sigilla
1169 1161 1317 1196 nostra
1357 1155 1606 1197 alternatim
1647 1170 1722 1211 ap-

199 1231 420 1286 posuimus
444 1230 544 1270 Hiis
565 1230 684 1271 Test.
708 1229 885 1270 Andree
916 1229 956 1270 le
986 1229 1164 1284 Spycer,
1201 1228 1333 1270 Robt⁰
1370 1224 1603 1270 Bakebere
1632 1243 1721 1271 sen.

199 1304 334 1345 Petro
356 1303 530 1353 Gonia,
551 1302 580 1345 J
584 1302 656 1343 ohe
685 1302 876 1352 Quared,
903 1302 931 1344 J
936 1301 1009 1343 ohe
1032 1301 1237 1357 Ryponn‚
1260 1302 1362 1343 Ric⁰
1383 1301 1572 1357 Wolqir,
1593 1301 1723 1343 Robto

199 1377 429 1418 Bakebere
459 1376 555 1431 jun.
578 1375 636 1416 Et
667 1374 815 1415 multis
851 1374 957 1415 aliis.
1005 1375 1174 1416 Datum
1209 1374 1325 1429 apud
1358 1374 1620 1416 Ivvelcestre
1653 1375 1722 1416 die

199 1450 323 1492 Lune
345 1463 466 1504 prox,
503 1454 601 1503 post
634 1447 751 1488 Fest.
790 1447 970 1488 Purific.
1009 1447 1148 1488 Beate
1181 1447 1324 1488 Marie
1355 1446 1553 1502 Virginis
1589 1448 1721 1489 Anno

197 1523 322 1579 regni
343 1522 479 1577 Regis
500 1520 624 1561 Edwi
643 1520 721 1560 filii
738 1520 872 1575 Regis
891 1520 1095 1561 Edwardi
1110 1519 1312 1561 vicesimo
1329 1520 1462 1561 tercio
1483 1520 1720 1576 incipienti.

197 1600 284 1648 (see
316 1594 403 1636 No.
433 1594 522 1645 22.)

962 1679 1090 1690 -ὶ-

310 1744 430 1788 John
454 1743 696 1785 Hereward
727 1743 778 1784 of
800 1742 1078 1792 Ivvelcester‚
1098 1747 1143 1783 to
1165 1741 1357 1784 Richard
1390 1741 1633 1785 Hereward
1653 1742 1720 1785 his

198 1819 374 1862 brother
405 1850 704 1860 .....
737 1816 840 1857 with
864 1815 921 1857 all
943 1821 1117 1871 appurt³
1139 1815 1184 1855 in
1202 1815 1460 1857 Ivvelsester
1491 1850 1501 1859 .
1564 1851 1573 1860 .
1636 1851 1645 1860 .
1707 1851 1717 1861 .

194 1892 298 1932 Two
337 1905 455 1931 acres
496 1888 546 1930 of
578 1888 651 1928 the
691 1887 886 1928 meadow
927 1901 1000 1928 are
1049 1887 1094 1927 in
1134 1886 1388 1929 Votismede
1423 1889 1718 1941 (Fotesmede)

195 1964 337 2007 Given
358 1970 402 2004 at
424 1961 687 2004 Ivvelcester
709 1975 764 2001 on
787 1959 986 2015 Monday
1039 1986 1048 1997 .
1110 1992 1120 2003 .
1184 1994 1194 2003 .
1254 1995 1263 2005 .
1316 1960 1361 2001 in
1381 1960 1455 2002 the
1478 1962 1719 2018 beginning

194 2038 244 2079 of
271 2038 345 2078 the
381 2035 490 2076 23rd
522 2049 625 2091 year
656 2033 706 2075 of
728 2034 803 2074 the
834 2033 961 2087 reign
1023 2066 1320 2077 .....
1425 2034 1719 2091 Counterpart

192 2111 242 2152 of
275 2110 515 2165 foregoing.

356 2291 364 2297 ⁴
413 2297 499 2337 No.
532 2297 602 2336 24.
635 2295 757 2336 Edw.
791 2294 883 2336 III.
931 2295 1054 2335 1328.
1104 2294 1284 2349 Sunday
1316 2292 1424 2349 May
1458 2294 1496 2335 1.

307 2369 535 2411 Universis
573 2368 654 2409 Xti
689 2368 912 2408 Fidelibus
948 2381 1060 2422 pres.
1094 2381 1173 2409 scr.
1208 2366 1363 2408 visuris
1399 2366 1469 2408 vel
1505 2366 1715 2409 audituris

189 2444 415 2485 Walterus
451 2442 504 2483 de
539 2441 743 2482 Romesie
768 2440 899 2481 Miles
933 2439 1021 2482 Sal.
1058 2440 1103 2480 in
1132 2441 1263 2482 Dom.
1298 2439 1460 2482 Nover.
1487 2440 1602 2494 quod
1634 2455 1715 2495 ego

188 2517 328 2560 Walts
369 2515 490 2572 predS
529 2515 694 2556 Totum
743 2513 852 2554 illud
901 2513 1217 2554 Tenementum
1260 2511 1433 2554 Curti]m
1480 2512 1713 2567 gardinum

189 2590 373 2633 croftam
394 2594 616 2642 totamque
637 2593 738 2629 terr.
762 2587 896 2628 arabm
918 2593 959 2627 et
987 2592 1159 2641 pratum
1182 2600 1278 2627 cum
1302 2591 1412 2640 perts
1434 2585 1550 2640 apud
1572 2585 1713 2627 Hulle

188 2666 233 2705 in
257 2662 480 2705 Chilterne
503 2662 739 2702 Dommere
761 2659 806 2699 in
839 2658 962 2701 Com.
985 2659 1171 2700 Somers.
1210 2658 1307 2707 Que
1340 2657 1463 2698 Isaac
1495 2658 1548 2699 de
1572 2658 1712 2700 Hulle

189 2739 243 2779 de
284 2750 352 2777 me
391 2733 623 2790 aliquando
663 2732 805 2773 tenuit
853 2731 1014 2774 ibidem
1062 2731 1273 2772 Matillidi
1314 2730 1438 2771 Isaac
1478 2730 1531 2771 de
1573 2730 1711 2773 Hulle

187 2809 387 2853 Waltero
411 2807 533 2849 Isaac
554 2805 608 2848 de
642 2803 779 2848 Hulle
800 2810 843 2846 et
864 2802 990 2847 Will⁰
1023 2802 1146 2845 Isaac
1181 2803 1235 2845 de
1258 2801 1396 2844 Hulle
1428 2801 1498 2844 die
1529 2803 1708 2845 Sabbati
