1834 3208
874 335 936 385 55

146 468 342 526 Virginis
365 469 483 511 Ann.
506 479 598 526 reg.
620 469 735 526 regis
759 468 882 511 Edw¹
901 467 1042 511 Tercii
1064 482 1090 510 a
1109 473 1241 526 conqu
1267 466 1483 512 tricesimo
1513 464 1679 524 quinto.

140 541 242 585 Hiis
267 541 384 585 Test.
419 543 612 585 Domino
633 542 832 586 Waltero
865 542 920 584 de
954 543 1191 599 Romesye‚
1221 544 1413 586 Domino
1441 540 1677 585 Edmundo

138 616 393 667 Dummere,
444 615 675 658 Militibus.
736 615 913 671 Rogero
975 614 1263 667 Warmwille,
1314 615 1446 658 Rob‘0
1497 614 1678 670 Pigacz,

138 689 306 731 Thoma
324 688 476 739 Mune,
498 684 628 729 Will0
649 686 863 743 Cayrene,
885 688 943 730 Et
965 683 1074 730 aliis,

255 810 451 866 Stephen
472 811 662 866 Pygacz,
686 809 924 866 Perpetual
948 808 1080 852 Vicar
1102 810 1153 852 of
1168 809 1394 853 Chilterne
1417 808 1675 856 Dommere,

139 889 184 925 to
205 883 379 926 Walter
401 883 524 925 Isaac
558 884 608 925 of
638 883 787 939 Hylle,
819 898 898 925 son
933 883 984 925 of
1012 883 1152 925 Willm
1176 884 1300 926 Isaac
1336 882 1386 925 of
1415 880 1568 938 Hylle,
1600 877 1674 921 de-

140 956 304 1006 ceased,
321 953 404 997 and
427 961 473 998 to
501 955 692 1011 Stephen
714 955 780 997 his
801 954 1117 998 brother—All
1134 956 1221 998 and
1238 955 1435 1012 singular
1454 955 1529 996 the
1550 953 1680 995 lands

139 1029 225 1071 and
247 1035 489 1071 tenements
525 1028 664 1070 which
689 1029 745 1070 he
773 1028 986 1085 (Stephen
1009 1029 1202 1086 Pygacz)
1225 1029 1331 1071 then
1362 1027 1449 1069 had
1471 1028 1515 1068 in
1538 1025 1677 1082 Hylle

139 1102 226 1145 and
262 1102 487 1145 Chilterne
521 1102 780 1147 Dummere.
815 1103 872 1158 by
904 1101 987 1158 gift
1027 1102 1142 1145 from
1174 1103 1248 1145 the
1283 1101 1495 1144 aforesaid
1531 1098 1674 1140 Willm

140 1175 263 1217 Isaac
286 1175 337 1217 of
360 1175 499 1232 Hylle
531 1175 693 1231 during
727 1175 794 1216 his
815 1174 889 1216 life
918 1175 1023 1218 time
1086 1208 1095 1217 .
1157 1210 1167 1219 .
1231 1208 1241 1218 .
1304 1206 1315 1217 .
1378 1170 1482 1216 And
1504 1169 1560 1214 he
1580 1177 1680 1227 puts

139 1249 214 1291 the
235 1248 327 1290 said
350 1246 523 1290 Walter
551 1247 636 1289 and
660 1247 855 1303 Stephen
875 1247 967 1289 into
988 1248 1069 1290 full
1102 1248 1189 1290 and
1211 1246 1411 1304 corporal
1434 1245 1677 1302 possession

139 1323 190 1364 of
216 1322 290 1364 the
318 1336 436 1363 same
459 1327 678 1377 property.
739 1319 885 1363 Given
917 1327 962 1363 at
1000 1321 1153 1378 Hylle,
1186 1336 1241 1364 on
1262 1320 1493 1376 Thursday
1524 1319 1569 1360 in
1603 1317 1679 1377 the

140 1395 271 1438 Feast
291 1395 342 1437 of
356 1394 407 1437 St
428 1393 664 1438 catherine
684 1393 758 1436 the
778 1394 951 1451 Virgin.
1015 1395 1071 1436 In
1103 1395 1178 1437 the
1212 1395 1320 1438 35th
1341 1405 1446 1451 year
1466 1392 1516 1435 of
1548 1391 1678 1446 King

139 1469 330 1514 Edward
381 1468 473 1511 ΙΙΙ.
548 1468 806 1512 Witnesses.
857 1469 928 1510 Sir
976 1468 1151 1511 Walter
1201 1469 1255 1511 de
1319 1469 1551 1523 Romesye‚
1601 1465 1674 1510 Sir

141 1542 352 1585 Edmund
385 1542 618 1591 Dummer,
648 1539 860 1596 Knights-
923 1542 1074 1597 Roger
1102 1541 1392 1591 Warmwille,
1423 1542 1497 1583 &c.

287 1685 375 1733 No.
395 1692 465 1732 47.
488 1690 611 1733 Edw.
634 1690 724 1733 ΙΙΙ.
789 1691 912 1733 1362.
976 1691 1141 1748 Friday
1162 1690 1271 1733 after
1294 1689 1455 1732 March
1475 1691 1545 1733 25.

245 1765 377 1807 Omn.
412 1764 495 1805 Xti
532 1764 630 1807 Fid.
667 1765 722 1806 ad
758 1779 865 1820 quos
902 1780 1014 1820 pres.
1050 1765 1205 1820 sc’ptm
1242 1779 1417 1820 perven.
1458 1766 1679 1810 Robertus

139 1835 289 1880 James
319 1844 363 1880 et
397 1837 622 1881 Walterus
655 1837 708 1880 de
746 1837 938 1880 Miltone
967 1838 1055 1880 Sal.
1092 1837 1136 1880 in
1171 1838 1303 1881 D'no.
1342 1838 1567 1882 Noveritis
1600 1856 1680 1883 nos

140 1911 369 1953 tradidisse
441 1945 451 1955 .
514 1944 524 1955 .
586 1944 597 1953 .
660 1944 670 1954 .
746 1911 970 1967 Stephano
993 1911 1248 1968 Godewyne
1281 1918 1324 1953 et
1352 1911 1517 1954 Edithe
1555 1915 1682 1956 uxori

140 1985 233 2042 ejus
254 1985 454 2035 Quatuor
475 1998 596 2027 acras
617 1991 733 2027 terre
754 2000 854 2026 cum
875 1985 962 2026 suis
984 1990 1096 2041 pert⁸
1118 1985 1163 2025 in
1186 1984 1354 2040 Campo
1377 1985 1430 2027 de
1454 1986 1684 2030 Chilterne

142 2060 383 2102 Dummere
417 2059 618 2109 Quarum
660 2073 746 2100 una
788 2072 888 2100 acra
919 2058 1039 2115 jacet
1073 2072 1205 2114 super
1242 2058 1526 2115 Cheldrygge
1566 2060 1681 2103 inter

140 2138 303 2174 terram
326 2131 509 2173 Roberti
530 2131 680 2187 Pygas
702 2145 755 2172 ex
784 2136 907 2186 parte
939 2144 1027 2171 una
1054 2136 1097 2171 et
1129 2136 1293 2171 terram
1316 2131 1526 2187 Stephani
1549 2132 1680 2174 Swan

143 2221 195 2248 ex
217 2204 353 2247 altera
376 2204 436 2246 Et
457 2211 544 2246 tres
566 2204 743 2246 dimidie
764 2218 862 2245 acre
887 2210 1003 2245 terre
1029 2203 1180 2259 jacent
1200 2203 1243 2244 in
1266 2203 1307 2245 le
1331 2203 1681 2260 Estlangelonde

140 2277 254 2319 inter
285 2283 446 2318 terram
470 2276 593 2318 Robti
615 2275 763 2332 Pygas
791 2290 844 2317 ex
877 2281 1002 2331 parte
1023 2290 1111 2316 una
1142 2281 1186 2316 et
1221 2275 1316 2317 Rici
1348 2275 1592 2333 Pouphorn
1626 2292 1680 2320 ex

142 2351 279 2392 altera
312 2350 373 2391 Et
408 2364 496 2392 una
531 2364 631 2391 acra
659 2349 778 2406 jacet
806 2349 851 2390 in
885 2348 1116 2390 Vilemede
1144 2349 1276 2406 juxta
1312 2355 1476 2391 terram
1515 2351 1680 2407 Rogeri

141 2423 271 2465 Torel
295 2422 355 2464 Et
385 2429 472 2464 tres
493 2422 662 2479 virgate
694 2428 809 2463 terre
835 2421 987 2478 jacent
1009 2421 1326 2478 Bytwynetone
1353 2422 1485 2478 juxta
1516 2429 1680 2466 terram

143 2494 309 2537 Prioris
350 2495 404 2537 de
446 2495 646 2536 Brutone
687 2508 740 2536 ex
781 2500 905 2550 parte
946 2507 1033 2534 una
1073 2499 1116 2534 et
1157 2508 1289 2535 unam
1329 2495 1440 2551 virg’
1476 2501 1593 2539 terre
1625 2497 1681 2539 de

143 2568 339 2610 Ecclesie
360 2583 413 2610 ex
434 2568 570 2610 altera
593 2567 713 2609 Hab.
746 2574 790 2608 et
819 2567 913 2608 Ten
918 2597 1220 2610 .....
1283 2567 1386 2609 Hiis
1407 2568 1526 2612 Test.
1547 2570 1679 2613 Willo

141 2641 308 2692 Welde,
341 2641 520 2697 Rogero
569 2638 860 2691 Warmwelle‚
895 2639 1026 2682 Robto
1057 2639 1287 2692 Wrenche,
1332 2640 1450 2683 Will⁰
1489 2641 1680 2698 Cayron,

143 2715 203 2756 Et
233 2714 327 2756 aliis
364 2716 530 2756 Datum
566 2713 683 2769 apud
708 2713 935 2756 Chilterne
973 2713 1213 2755 Dommere
1234 2714 1304 2756 die
1325 2712 1514 2756 Veneris
1548 2730 1674 2771 prox.

144 2794 241 2844 post
277 2789 395 2830 Fest.
430 2787 802 2830 Annunciacionis
839 2787 977 2829 Beate
1014 2787 1160 2829 Marie
1192 2787 1390 2844 Virginis
1422 2789 1541 2830 Ann.
1582 2802 1675 2845 reg.

145 2862 257 2918 Reg.
279 2861 489 2904 Edwardi
507 2862 649 2904 Tercii
668 2875 695 2904 a
714 2869 847 2918 conqu
867 2860 1084 2904 tricesimo
1105 2867 1243 2904 sexto.
