1834 3208
929 308 990 355 38

197 435 309 477 until
340 435 416 478 she
450 436 743 493 relinquished
777 437 853 480 her
894 437 1035 481 claim.
1097 437 1240 480 Given
1275 442 1320 479 at
1361 437 1535 482 Hatche
1572 439 1717 482 Beau-

196 507 391 565 champe‚
420 509 494 551 the
524 509 607 566 day
638 510 724 552 and
754 525 857 567 year
887 510 1112 553 aforesaid.

303 692 392 735 No.
421 694 492 735 27.
522 692 646 736 Edw.
679 693 771 736 III.
805 695 928 737 1340.
988 691 1169 749 Sunday
1199 692 1309 735 after
1342 691 1501 734 March
1533 693 1604 734 25.

305 772 521 815 Noverint
556 772 761 815 Universi
803 788 872 815 me
906 772 1155 816 Walterum
1191 772 1244 814 de
1277 771 1465 813 Miltone
1499 771 1640 812 filium
1676 777 1720 814 et

195 844 399 887 heredem
419 846 448 888 J
452 845 634 887 ohannis
661 846 716 887 de
740 846 927 888 Miltone
948 845 1176 887 tradidisse
1237 877 1246 886 .
1311 877 1320 887 .
1381 876 1390 886 .
1455 876 1464 886 .
1525 844 1555 887 J
1560 844 1720 886 ohanni

195 918 362 973 Stagon
385 924 427 959 et
448 918 584 960 Elene
607 918 775 959 Reliete
812 918 911 959 Ade
947 917 1001 960 de
1022 917 1251 961 Waltham
1283 918 1499 960 sexdecim
1528 931 1648 959 acras
1679 921 1722 958 et

195 1005 325 1032 unam
348 990 498 1032 rodam
520 996 633 1031 terre
666 989 864 1032 arrabilis
889 996 932 1031 et
963 989 1070 1031 duas
1106 1004 1226 1031 aeras
1247 990 1361 1045 prati
1382 1005 1481 1031 cum
1502 989 1589 1031 suis
1610 993 1721 1045 pert³

194 1063 238 1103 in
261 1061 423 1118 campis
456 1062 509 1103 de
538 1061 763 1105 Chilterne
786 1062 1028 1103 Dummere
1048 1061 1181 1103 Unde
1211 1077 1299 1103 una
1325 1077 1426 1104 acra
1451 1062 1569 1118 jacet
1604 1060 1721 1117 apud

194 1135 237 1177 la
260 1135 519 1191 Ffloudgate
548 1134 678 1191 juxta
713 1134 1144 1177 Chilterneshassehe
1181 1134 1286 1176 Una
1321 1150 1421 1176 acra
1461 1141 1505 1176 et
1545 1134 1723 1175 dimidia

185 1209 305 1265 jacet
338 1209 383 1249 in
416 1208 672 1264 Langelond
708 1208 821 1249 inter
853 1214 990 1249 terras
1021 1207 1236 1251 Johannis
1274 1208 1429 1264 Pigatz
1465 1213 1508 1249 et
1544 1206 1722 1248 Ricardi

194 1281 437 1336 Pouphorn
461 1280 565 1321 Una
586 1294 684 1321 acra
703 1280 821 1336 jacet
851 1280 897 1320 in
920 1279 1160 1321 Ffilemede
1173 1280 1305 1336 juxta
1325 1286 1488 1321 terram
1508 1279 1537 1323 J
1541 1278 1723 1321 ohannis

192 1353 347 1395 Turke
367 1354 411 1396 in
445 1359 567 1410 parte
597 1353 705 1395 bori.
758 1352 862 1394 Una
896 1367 997 1394 acra
1022 1353 1141 1408 jacet
1166 1352 1574 1394 Schorthenedlond
1590 1353 1721 1408 juxta

190 1433 353 1468 terram
374 1441 516 1468 meam
544 1426 588 1466 in
611 1432 733 1481 parte
755 1425 889 1467 occid.
942 1425 1046 1466 Una
1081 1440 1181 1466 acra
1216 1425 1260 1466 in
1285 1425 1558 1467 Holeeombe
1587 1425 1720 1480 juxta

193 1502 354 1541 terram
388 1514 532 1540 meam
572 1499 616 1540 in
657 1504 781 1554 parte
822 1498 929 1540 bori.
997 1498 1192 1539 Dimidia
1232 1513 1332 1539 acra
1371 1498 1530 1539 ibidem
1572 1498 1614 1539 in
1658 1497 1724 1538 La

194 1571 534 1627 Marlyngputte
555 1571 686 1626 juxta
712 1576 875 1611 terram
896 1568 1011 1612 J0h¹⁵
1044 1569 1194 1611 Tui-ke
1226 1569 1268 1610 in
1306 1576 1430 1626 parte
1462 1576 1597 1611 austr.
1620 1571 1722 1612 Due

191 1659 290 1686 acre
322 1644 367 1685 in
397 1644 544 1685 North
566 1642 802 1686 Wonfelde
827 1643 1025 1693 Quarum
1054 1657 1141 1684 una
1167 1643 1297 1699 juxta
1325 1650 1485 1684 terram
1511 1641 1723 1698 Stephani

190 1717 230 1758 le
266 1717 434 1758 Monne
467 1718 511 1757 in
547 1724 671 1772 parte
706 1716 861 1757 orient.
915 1716 976 1756 Et
1013 1730 1099 1756 una
1125 1731 1225 1757 acra
1245 1716 1375 1771 juxta
1407 1721 1568 1757 terram
1604 1714 1719 1758 Johis

190 1788 345 1845 Pigatz
366 1789 410 1829 in
447 1803 539 1844 par.
572 1788 706 1830 occid.
750 1789 853 1830 Una
893 1803 994 1830 acra
1033 1789 1149 1844 apud
1187 1789 1467 1845 Sewyesgore
1499 1789 1597 1845 jux,
1638 1793 1719 1828 ter.

186 1861 217 1903 J
221 1861 301 1902 ο1ιῑὲ1
325 1861 479 1916 Pigatz
500 1861 545 1901 in
567 1875 644 1916 par
665 1860 799 1902 occid.
823 1860 1019 1901 Dimidia
1041 1875 1140 1902 aera
1160 1861 1273 1902 inter
1296 1860 1522 1902 Chilterne
1543 1874 1662 1901 mere
1677 1865 1720 1902 et

190 1932 462 1974 Smalemede
497 1932 610 1973 inter
642 1938 803 1973 terram
838 1946 981 1973 meam
1014 1946 1067 1973 ex
1089 1938 1272 1988 utraque
1295 1938 1418 1988 parte
1455 1932 1620 1974 Dimid.
1654 1946 1718 1973 ac.

187 2005 247 2046 ibi
286 2005 451 2046 Nicche
492 2004 610 2045 hulle
648 2004 692 2046 in
730 2019 822 2060 par.
859 2004 994 2046 occid.
1032 2010 1148 2046 terre
1182 2019 1279 2046 mee
1313 2004 1479 2047 Dimid.
1502 2019 1564 2047 ac.
1605 2004 1719 2046 inter

189 2077 380 2134 Bymere
400 2083 443 2119 et
459 2076 753 2117 Saltereslake
768 2076 866 2132 jUX.
883 2081 963 2117 ter.
981 2076 1010 2118 J
1014 2074 1096 2117 ohis
1115 2076 1251 2132 Pigaz
1274 2083 1315 2118 et
1331 2077 1359 2119 J
1363 2077 1444 2118 ohi⁸
1463 2076 1716 2117 Beaushath

187 2151 307 2193 Dim.
331 2165 392 2191 ac.
427 2149 621 2192 extendit
656 2163 787 2204 super
812 2148 1085 2205 Langemere
1113 2149 1208 2205 jux.
1242 2156 1321 2192 ter.
1355 2164 1487 2205 quam
1521 2149 1641 2192 Johe⁵
1663 2149 1717 2190 de

188 2223 486 2265 Rokebourne
507 2237 621 2264 nune
642 2227 761 2263 tenet
776 2222 821 2262 in
842 2236 934 2277 par.
958 2222 1065 2264 bori.
1084 2222 1204 2264 Dim,
1221 2237 1285 2264 ac.
1303 2222 1488 2278 desuper
1510 2222 1716 2278 Hanger-

185 2295 316 2338 londe
336 2296 449 2336 inter
480 2301 558 2336 ter.
589 2308 732 2335 meam
766 2308 820 2335 ex
852 2299 993 2349 utraq.
1017 2300 1140 2349 parte
1171 2294 1293 2336 Dim.
1324 2308 1387 2336 ac.
1420 2309 1550 2350 super
1578 2294 1715 2336 Over-

185 2382 305 2410 mere
329 2367 426 2424 jux.
456 2372 536 2409 ter.
571 2366 784 2407 Priorisse
818 2364 934 2407 Albe
956 2364 1072 2406 Aule
1095 2365 1353 2407 Ieveleestre
1385 2366 1427 2406 in
1451 2381 1543 2421 par.
1580 2365 1716 2409 occid.

188 2440 295 2482 Una
316 2453 380 2482 ao.
404 2452 536 2494 super
558 2436 856 2492 Chelderigge
870 2436 967 2492 jux,
984 2442 1066 2478 ter.
1088 2436 1117 2479 J
1121 2436 1203 2478 ohis
1225 2436 1381 2493 Pigatz
1398 2437 1442 2478 in
1464 2452 1557 2493 par.
1579 2437 1714 2479 occid.

186 2512 292 2554 Una
313 2527 376 2554 ae.
414 2509 621 2567 Bynuthe
654 2509 825 2550 Turkes
849 2508 984 2550 crofte
999 2509 1095 2565 jux.
1131 2515 1211 2551 ter.
1232 2509 1261 2552 J
1265 2509 1348 2551 ohi⁸
1371 2509 1526 2565 Pigatz
1547 2510 1590 2551 in
1622 2524 1714 2566 par.

185 2584 321 2627 occid.
346 2583 468 2625 Dim.
490 2597 552 2624 ac.
574 2581 620 2622 in
637 2596 730 2638 par.
754 2581 887 2623 occid.
911 2580 1024 2622 dicte
1046 2581 1196 2624 Crofte
1210 2582 1306 2638 jux,
1328 2587 1408 2624 ter.
1429 2596 1571 2623 meam
1594 2583 1715 2639 Dim,

183 2672 246 2699 ac.
268 2663 311 2698 et
332 2669 418 2697 una
434 2653 542 2695 roda
564 2658 689 2694 extra
710 2652 943 2708 gardinum
963 2652 993 2695 J
996 2652 1079 2693 ohi⁸
1102 2653 1238 2709 Pigaz
1253 2654 1349 2710 jux,
1370 2659 1450 2695 ter.
1475 2653 1639 2695 Prioris
1660 2653 1714 2695 de

187 2731 386 2773 Brutone
406 2728 451 2768 in
487 2741 580 2783 par.
601 2725 711 2769 bori.
742 2725 847 2767 Una
882 2739 946 2767 ae.
967 2725 1084 2781 apud
1108 2725 1486 2782 Maydeneereyee
1500 2726 1597 2782 jux,
1630 2732 1711 2768 ter.

183 2803 212 2846 J
217 2802 297 2844 ohis
320 2802 374 2843 de
398 2800 695 2843 Rokebourne
730 2798 775 2839 in
797 2812 888 2854 par·
913 2799 1022 2841 bori.
1046 2798 1170 2841 Dim.
1204 2813 1267 2843 ac.
1290 2805 1333 2841 et
1354 2814 1441 2841 una
1470 2799 1576 2841 roda
1597 2799 1711 2856 prati
