1834 3208
861 284 923 336 54

287 416 374 460 No.
393 417 463 468 45,
485 416 607 462 Edw.
629 415 721 461 III.
745 418 869 462 1362.
926 417 1156 475 Thursday
1177 418 1289 462 after
1310 417 1422 462 Feby
1446 417 1512 463 12.

191 489 348 533 Pateat
368 491 577 533 universis
612 505 691 547 per
721 498 942 546 presentes
972 491 1087 548 quod
1109 506 1191 548 ego
1212 491 1436 535 Walterus
1459 492 1583 533 Isaac
1604 488 1657 533 de

134 561 273 605 Hulle
315 563 475 606 Fateor
514 569 558 605 et
606 577 895 619 recongnosco
940 577 1009 604 me
1049 577 1140 605 esse
1180 563 1403 606 Ballivum
1445 563 1659 619 Stephani

132 635 300 677 Fratris
331 636 415 677 mei
447 641 490 677 et
521 635 642 678 Willi
662 635 715 677 de
745 635 1002 678 Modeforde
1034 635 1343 692 consanguinei
1374 636 1460 677 mei
1487 635 1658 678 Tenere

131 713 270 750 terras
302 714 428 763 prata
454 714 498 749 et
528 714 726 763 pasturas
753 722 852 749 cum
883 714 994 763 pert³
1027 708 1262 750 eorundem
1291 708 1406 764 apud
1441 707 1581 749 Hulle
1616 714 1660 750 et

133 780 371 836 Chylterne
411 778 473 822 Et
514 780 568 822 de
608 781 807 822 omnibus
848 779 970 822 bonis
1011 787 1056 822 et
1097 780 1263 822 catallis
1304 780 1658 836 provenientibus

131 868 282 896 eorum
322 868 392 895 me
441 868 532 895 esse
581 868 727 895 coram
776 867 1034 909 quocunque
1078 853 1227 910 judice
1271 853 1355 895 illis
1395 859 1439 895 et
1487 853 1662 909 utrique

132 927 369 968 eorundem
409 925 760 981 computabilem.
839 925 894 966 In
934 926 1057 982 cujus
1097 925 1159 967 rei
1209 932 1307 969 test.
1348 926 1471 982 Sigil.
1512 940 1660 969 meum

131 998 327 1053 apposui.
352 997 471 1038 Data
490 997 607 1052 apud
630 996 769 1038 Hulle
790 997 834 1037 in
853 996 1067 1038 Parochia
1083 997 1137 1039 de
1159 997 1397 1054 Chylterne
1420 999 1659 1042 Dommere

132 1070 201 1112 die
233 1071 261 1113 J
266 1071 356 1112 ovis
391 1084 515 1126 prOX.
544 1075 642 1125 post
673 1070 790 1112 Fest.
828 1069 1150 1112 Purificationis
1187 1071 1325 1113 Beate
1363 1071 1507 1113 Marie
1539 1075 1658 1115 Ann.

133 1157 226 1199 reg.
249 1144 365 1198 Reg.
386 1143 510 1185 Edwi
529 1142 672 1185 Tercii
695 1148 794 1198 post
814 1150 955 1198 conqm
975 1143 1192 1186 tricesimo
1214 1150 1336 1186 sexto
1359 1144 1564 1187 intrante.

247 1300 422 1343 Walter
443 1301 567 1343 Isaac
587 1300 638 1343 of
653 1301 790 1357 Hylle
814 1301 1161 1358 acknowledges,
1188 1302 1284 1344 that
1319 1303 1374 1346 he
1405 1304 1440 1345 is
1475 1304 1661 1347 steward

132 1376 199 1418 for
219 1375 285 1416 his
306 1375 484 1417 brother
505 1374 713 1430 Stephen,
733 1374 820 1416 and
850 1375 990 1417 Willm
1007 1374 1058 1416 of
1082 1375 1318 1418 Modeford
1346 1377 1412 1418 his
1433 1378 1595 1429 cousin,
1615 1384 1661 1420 to

133 1450 238 1492 hold
262 1451 501 1507 possession
523 1452 575 1492 of
592 1450 705 1491 their
725 1450 850 1492 lands
880 1456 925 1492 at
961 1450 1100 1507 Hylle
1125 1450 1212 1492 and
1245 1451 1472 1507 Chyltern‚
1510 1453 1596 1494 and
1617 1459 1662 1495 to

132 1523 290 1566 render
310 1539 365 1565 an
387 1529 570 1565 account
589 1523 736 1565 before
757 1538 842 1579 any
856 1523 1010 1579 judge,
1029 1529 1075 1565 to
1096 1523 1202 1565 both
1223 1524 1308 1565 and
1331 1525 1437 1566 each
1459 1525 1509 1567 of
1527 1526 1662 1578 them,

133 1597 185 1638 of
217 1597 276 1638 all
310 1597 386 1639 the
420 1597 556 1653 goods
596 1596 683 1637 and
724 1596 907 1638 chattels
948 1596 1154 1652 accruing
1189 1596 1302 1638 from
1331 1598 1406 1639 the
1439 1606 1661 1656 property.

133 1669 277 1712 Given
316 1676 361 1711 at
402 1669 553 1725 Hylle,
591 1669 636 1709 in
675 1668 750 1710 the
789 1669 946 1711 Parish
983 1669 1034 1711 of
1063 1668 1275 1725 Chyltern
1312 1671 1565 1722 Dommere,
1605 1687 1662 1714 on

132 1742 365 1798 Thursday
404 1747 510 1783 next
548 1740 659 1782 after
698 1740 772 1783 the
813 1741 946 1783 Feast
985 1741 1035 1783 of
1068 1741 1144 1783 the
1181 1741 1469 1785 Purification
1504 1744 1555 1785 of
1587 1745 1661 1787 the

134 1814 316 1857 Blessed
359 1814 506 1871 Mary‚
545 1815 592 1856 in
625 1813 701 1855 the
720 1813 962 1871 beginning
997 1813 1047 1856 of
1079 1814 1154 1855 the
1183 1815 1291 1856 36th
1325 1830 1431 1872 year
1451 1817 1503 1858 of
1535 1817 1661 1873 King

134 1887 323 1930 Edward
367 1888 458 1930 III.

317 2059 406 2102 No.
434 2060 506 2101 46.
538 2059 665 2102 Edw.
697 2059 789 2103 III.
828 2060 951 2102 1361.
1009 2058 1241 2115 Thursday
1273 2057 1393 2101 Novr
1418 2059 1488 2101 25.

248 2142 319 2185 Sci
349 2157 460 2199 preS.
488 2149 531 2185 et
557 2143 636 2185 fut.
658 2144 774 2199 quod
803 2144 903 2199 Ego
936 2143 1183 2199 Stephanus
1211 2143 1386 2199 Pygacz
1419 2143 1661 2198 Perpetuus

131 2215 334 2257 Vicarius
371 2216 423 2258 de
459 2216 683 2258 Chilterne
717 2217 958 2258 Dommere
991 2216 1091 2258 dedi
1164 2250 1173 2259 .
1237 2249 1248 2260 .
1306 2248 1318 2259 .
1381 2249 1390 2258 .
1463 2216 1661 2258 Waltero

133 2289 257 2331 Isaac
278 2289 330 2331 de
352 2288 492 2330 Hulle
513 2289 603 2331 filio
625 2289 747 2331 Willi
770 2290 893 2331 Isaac
914 2289 967 2331 de
989 2290 1126 2332 Hulle
1155 2289 1347 2331 defuncti
1374 2295 1417 2331 et
1438 2289 1660 2345 Stephano

132 2363 256 2405 Isaac
278 2362 423 2403 Fratri
456 2376 532 2404 suo
565 2362 711 2404 omnia
745 2369 787 2404 et
822 2362 995 2418 singula
1021 2369 1158 2404 terras
1187 2368 1230 2404 et
1255 2368 1504 2404 tenementa
1524 2362 1662 2405 crofta

132 2450 228 2477 cum
253 2442 364 2491 pert³
387 2435 486 2485 Que
521 2435 654 2477 habui
687 2435 756 2477 die
792 2435 1070 2477 confectionis
1096 2441 1346 2492 presentum
1372 2435 1418 2476 in
1449 2435 1588 2478 Hulle
1618 2441 1661 2477 et

133 2507 358 2550 Chilterne
401 2509 642 2550 Dummere
681 2522 733 2549 ex
775 2508 889 2550 dono
925 2514 968 2550 et
1001 2508 1266 2550 feffiamento
1306 2507 1491 2564 predicti
1534 2507 1660 2550 Willi

133 2582 258 2623 Isaac
288 2581 341 2622 de
364 2580 503 2622 Hulle
530 2581 635 2622 dum
666 2581 775 2623 vixit
797 2581 916 2623 Hab.
942 2587 985 2623 et
1019 2582 1112 2624 Ten
1173 2615 1182 2625 .
1246 2613 1256 2623 .
1318 2613 1327 2623 .
1390 2614 1399 2623 .
1461 2581 1517 2622 In
1537 2581 1661 2637 cujus

131 2654 195 2696 rei
215 2660 313 2696 test.
334 2653 434 2695 huic
457 2655 558 2709 preti
579 2668 664 2695 car.
681 2669 775 2696 mee
792 2653 915 2711 Sigil.
932 2669 1078 2696 meum
1101 2654 1283 2711 apposui
1305 2654 1366 2695 Et
1387 2653 1440 2696 de
1461 2654 1662 2696 omnibus

131 2726 390 2782 supradictis
411 2725 614 2782 predictis
631 2725 829 2768 Waltero
850 2732 893 2768 et
909 2725 1133 2782 Stephano
1154 2727 1354 2769 seisinam
1377 2726 1663 2782 personaliter

130 2798 310 2841 liberavi
332 2798 501 2841 Datum
523 2798 639 2854 apud
659 2797 796 2840 Hulle
812 2797 881 2841 die
901 2798 930 2842 J
934 2798 1024 2840 ovis
1044 2799 1089 2842 in
1111 2799 1243 2842 Festo
1265 2799 1422 2842 Sancte
1445 2798 1660 2843 Katerine
